4504 6448
315 375 423 431 577
1686 364 2214 423 PROLEGOMENA.
3503 364 3609 421 578

315 490 530 546 illorum
557 503 719 561 opera
752 491 879 546 dum
912 502 1105 547 sanare
1132 488 1385 557 student,
1422 495 1771 558 corrumpunt
1816 495 1903 543 et-
1932 486 1992 548 Α
2015 499 2150 555 opus
2178 501 2305 543 esse
2332 484 2670 541 referendam
2702 483 2898 555 epilogi
2931 484 3070 548 loco,
3104 481 3247 553 quod
3308 482 3609 552 neglectum

313 596 422 653 que
445 582 519 637 ita
540 596 621 649 se,
637 580 780 653 quod
802 582 1202 644 dolcndumest,
1219 580 1686 651 grammaticorum
1720 577 1909 633 sannis
2012 594 2093 640 est
2121 583 2275 653 sequi
2294 581 2346 635 in
2376 580 2493 648 ejus
2522 578 2784 646 editione,
2816 592 2915 633 nec
2929 577 3104 631 minus
3134 576 3186 631 in
3213 576 3334 631 aliis
3358 580 3611 647 posterio-

314 673 595 743 objiciunt.
625 671 816 729 Solent
838 673 979 730 enim
1008 670 1364 741 grammatici,
1396 680 1455 724 ut
1474 679 1556 725 est
1584 683 1756 739 genus
1812 668 1911 722 ho-
2010 674 2357 730 ribuseorum
2371 673 2459 741 qui
2484 684 2543 737 se
2561 669 2837 724 lleinsium
2861 667 3091 722 maxime
3114 667 3355 722 emu‘ari
3381 667 3613 736 gloria".

314 765 520 821 minum
543 778 823 835 arrogans.
846 764 1032 820 doctos
1058 774 1112 819 et
1136 766 1283 819 omni
1309 763 1413 818 alia
1443 762 1744 819 eruditione
1770 777 1911 832 ιιι-ωι-
2010 776 2115 821 tur.
2134 765 2395 837 Equidem
2413 762 2659 818 ordinem
2680 769 2865 817 tenere
2876 749 3041 829 volui,
3066 772 3227 829 quem
3280 758 3605 816 Prudentius

254 886 259 889 ‹
312 862 521 909 stantes
539 855 683 909 viros
710 853 955 919 irridere,
980 853 1024 908 si
1054 861 1240 908 contra
1287 845 1418 908 suos
1469 865 1707 907 canonas
1763 851 1908 906 vide-

310 944 536 1016 rinteos
563 943 787 998 licenter
811 941 1083 1011 judicare;
1118 956 1218 997 nec
1268 943 1607 1012 perpendunt
1651 949 1905 1012 quantam

310 1036 368 1089 in
399 1035 517 1088 alis
546 1033 883 1090 facultatibus
928 1033 1226 1104 doctrinam
1275 1032 1460 1089 eteteri
1500 1032 1609 1088 sint
1652 1034 1904 1096 assecuti,

309 1124 408 1181 sed
436 1124 577 1195 quod
632 1126 685 1179 In
735 1125 1079 1195 grammatica
1107 1122 1212 1179 illis
1237 1122 1392 1180 deest
1440 1131 1768 1195 exaggerant
1806 1123 1907 1178 im-

312 1215 599 1287 pudenter.

386 1308 475 1365 15.
504 1308 689 1379 Neque
725 1308 968 1365 omittam
988 1317 1227 1366 veterum
1252 1308 1676 1378 etquorumdam
1718 1321 1905 1363 recen-

309 1400 445 1455 tium
493 1398 815 1465 testimonia,
872 1401 1065 1470 quibus
1120 1399 1441 1479 Prudentius
1496 1407 1581 1454 est
1635 1398 1901 1453 laudatus.

308 1492 462 1547 Tune
482 1490 697 1547 demum
719 1489 787 1546 ad
816 1491 998 1547 Poeta
1015 1491 1074 1562 8
1096 1490 1373 1545 christiani
1396 1503 1559 1560 Opera
1589 1488 1903 1545 escudenda

306 1581 613 1654 aggrediar,
642 1581 748 1637 hoc
775 1582 994 1638 ordine:
1028 1582 1263 1662 Primum
1288 1594 1481 1652 ponam
1505 1581 1698 1636 librum
1725 1580 1904 1635 ϐαυκ-

306 1674 556 1729 marinam
601 1682 724 1729 cum
772 1672 1086 1745 praefatione
1133 1676 1373 1729 omnium
1430 1674 1750 1742 caminum,
1798 1673 1904 1728 Per

306 1767 660 1838 quinquennia
677 1770 795 1840 jam
834 1768 1028 1830 decent,
1052 1774 1200 1832 etc.;
1251 1775 1361 1821 tum
1406 1764 1717 1833 Apotheosin
1742 1804 1758 1830 ,
1787 1764 1901 1819 Ha—

2006 858 2064 930 9
2090 858 2145 912 in
2174 854 2488 927 prmiatione
2516 852 2816 908 carminum
2836 852 3157 922 praescribit,
3182 852 3268 905 ub’
3295 861 3609 923 argumenta

2007 960 2228 1004 suorum
2278 945 2660 1015 opusculorum
2694 944 2925 999 dilucide
2976 944 3246 1013 proponit,
3274 945 3407 998 utin
3464 959 3615 997 com-

2009 1036 2289 1092 mentariis
2310 1035 2612 1104 explicabo.
2638 1032 2878 1103 Objielat
2902 1032 3098 1103 aliquis
3137 1032 3239 1085 non
3271 1044 3523 1088 constare
3547 1048 3615 1086 an

2010 1124 2334 1181 Prudentius
2365 1132 2492 1178 Suos
2521 1124 2691 1179 libros
2735 1136 2802 1178 eo
2849 1123 3039 1178 ordine
3088 1137 3193 1193 quo
3249 1122 3373 1179 illos
3421 1122 3618 1178 edebat

2010 1206 2379 1281 recensuerit;
2432 1214 2528 1271 sed
2571 1214 2775 1283 rogabo
2800 1226 2899 1269 cur
2929 1213 2982 1275 in
3029 1214 3404 1283 propositione
3434 1215 3618 1283 operis

2006 1309 2257 1363 ordinem
2316 1322 2476 1378 quem
2538 1306 2832 1362 observare
2899 1305 3218 1359 decreverat
3292 1305 3617 1361 invenerit?

2006 1400 2166 1470 Quia,
2191 1399 2426 1470 inquies,
2447 1409 2621 1454 metro
2641 1399 2823 1468 potius
2842 1398 3007 1453 voluit
3031 1397 3338 1452 consulere.
3368 1398 3433 1452 At
3461 1397 3617 1467 igno-

2008 1506 2096 1547 ras
2150 1502 2299 1548 certe
2343 1502 2541 1562 quanta
2572 1488 2831 1545 facilitate
2857 1489 3205 1553 Prudentius,
3231 1505 3356 1560 qua:
3400 1489 3618 1546 volebat

2006 1582 2212 1647 omnia,
2240 1587 2299 1637 et
2323 1596 2431 1652 quo
2460 1580 2675 1637 volebat
2697 1580 2877 1644 modo,
2920 1580 2989 1635 ad
3020 1581 3280 1636 carminis
3340 1582 3489 1651 leges
3520 1596 3613 1635 re-

2005 1672 2252 1726 vocabat.
2302 1672 2572 1727 P'raeterea
2624 1680 2801 1741 poetae
2830 1672 3019 1736 etiam,
3055 1670 3185 1725 dum
3232 1683 3614 1741 argumentum

2007 1768 2337 1832 proponunt,
2364 1763 2433 1815 ita
2480 1760 2611 1817 illud
2670 1760 3229 1816 enuntiarelaborant
3260 1770 3318 1816 ut
3354 1761 3617 1816 naturalis

308 1860 688 1931 martr'yeniant,
718 1858 1205 1931 Psgcltomac’tiam,
1237 1866 1292 1913 et
1350 1856 1712 1922 Diltocluzunt,
1755 1857 1898 1927 quod
1931 1853 1976 1913 Β
2004 1853 2138 1908 ordo
2182 1842 2435 1922 postulat.
2482 1853 2575 1908 Sic
2608 1850 2864 1922 Virgilius
2907 1862 3139 1921 quatuor
3182 1852 3495 1925 θεοῖ-εἰσεδυ
3551 1853 3616 1908 li-

309 1950 654 2008 Enchiridion
681 1966 852 2007 sacra:
888 1949 1179 2021 Scripturae
1218 1951 1272 2006 in
1320 1950 1592 2021 plerisque
1621 1948 1781 2005 editis
1804 1964 1905 2020 ap-

308 2043 562 2115 pellatur.
596 2037 667 2099 Et
688 2043 805 2099 haec
847 2033 1067 2115 quidem
1118 2051 1363 2114 poemata
1411 2042 1585 2113 primo
1636 2041 1906 2097 volumine

306 2136 856 2205 comprehendantur.
890 2134 947 2189 In
962 2136 1187 2190 alterum
1219 2134 1502 2204 eonjiciam
1530 2134 1696 2189 libros
1726 2134 1907 2187 adver-

311 2242 402 2282 sua
432 2224 822 2297 Symaclmn,
851 2233 909 2283 et
934 2223 1129 2281 librum
1163 2216 1597 2296 Periuepltanun,
1625 2238 1747 2281 eum
1769 2224 1904 2280 mul-

312 2318 385 2373 tis
404 2331 465 2372 ac
488 2317 722 2386 cepiosis
751 2316 1016 2373 indicibus
1045 2328 1224 2373 rerum
1256 2331 1319 2373 ae
1352 2318 1661 2372 verborum.
1744 2304 1747 2307 ’

385 2408 475 2465 16.
533 2409 753 2466 Giossas
807 2418 863 2466 et
897 2408 1315 2465 commentarios
1368 2408 1697 2464 carminibus
1740 2405 1910 2476 subji-

309 2502 490 2568 ciam;
531 2502 739 2573 glossas
781 2517 851 2558 ex
900 2503 1057 2558 lsone
1102 2502 1363 2572 magistro
1418 2511 1473 2560 et
1524 2499 1908 2571 antiquissimis

311 2594 613 2664 quibusque
648 2594 925 2650 codicibus
956 2608 1086 2650 mss.
1142 2592 1715 2662 Vaticanis-aliisque;
1762 2605 1910 2646 com-

311 2688 607 2743 mentarios
656 2700 725 2742 ex
771 2688 1009 2758 ingenio,
1037 2701 1159 2742 cum
1209 2684 1907 2741 lectionibusvariantibus.

314 2774 409 2835 Ille
428 2779 531 2853 lso,
560 2778 673 2834 sive
703 2778 824 2833 [son
848 2779 968 2848 quis
996 2778 1175 2847 fuerit,
1211 2779 1367 2834 docet
1389 2778 1645 2833 Mullerus
1676 2778 1731 2832 in
1772 2791 1910 2847 prac-

312 2870 514 2925 iatione
537 2869 604 2925 ad
660 2868 953 2925 editionem
999 2869 1278 2925 Pru‘dentii
1334 2870 1711 2927 Coloniensem
1768 2882 1909 2924 anno

312 2962 476 3018 1701.
509 2962 799 3017 Monachus
832 2961 931 3017 fuit
960 2964 1018 3021 S.
1052 2962 1210 3030 Galli,
1246 2963 1385 3019 circa
1443 2978 1640 3018 annum
1683 2960 1787 3019 900
1813 2961 1908 3016 ilo.

313 3052 443 3119 ruit,
474 3052 557 3108 vir
584 3051 832 3108 doctrina
854 3061 905 3108 et
935 3053 1220 3108 sanctitate
1239 3053 1492 3121 celebris,
1526 3054 1592 3109 de
1622 3053 1908 3123 Quovideri

315 3150 542 3215 possunt
572 3142 922 3200 Ekkehardus
960 3144 1164 3215 iunior,
1212 3144 1349 3199 libro
1397 3144 1465 3199 de
1518 3143 1743 3199 Casibus
1790 3158 1908 3198 mo-

2013 1946 2140 2002 bros
2172 1948 2227 2016 in
2276 1946 2467 2001 limine
2498 1946 2657 2015 primi
2689 1945 2858 2015 perite
2886 1946 3137 2000 indicavit
3166 1962 3180 1997 :

2134 2058 2260 2124 Quid
2284 2059 2427 2124 faciat
2448 2058 2584 2110 laetas
2606 2068 2831 2124 segetes,
2855 2059 3145 2124 quogsidere
3172 2067 3357 2124 terram

2104 2119 2338 2184 Yertere,
2366 2121 2623 2180 lacertas,
2652 2119 2893 2184 ιῐίιηίεᾴιιὸ
2918 2121 3194 2184 adiungere
3218 2123 3350 2171 vites

2102 2181 2403 2232 Conveniat:
2429 2197 2540 2245 qum
2566 2197 2680 2231 cura
2710 2181 2873 2242 boum,
2895 2185 2978 2243 qui
3003 2181 3161 2233 cultus
3185 2181 3432 2233 habendo.

2104 2245 2179 2307 git
2206 2245 2373 2304 pecori
2397 2258 2409 2291 :
2432 2243 2581 2307 atque
2606 2247 2782 2306 apibus
2805 2252 2984 2307 quanta
3004 2246 3321 2307 experientia
3346 2243 3505 2307 parcis

2105 2304 2230 2353 Hinc.
2248 2308 2428 2375 amere
2451 2304 2695 2369 incipiam.

2012 2387 2347 2455 Prudentius
2364 2389 2604 2458 quidem,
2639 2398 2923 2461 postquam
2954 2388 3613 2447 librum'Catltemerintnn

2010 2480 2501 2545 commemoravit,
2547 2481 2730 2533 statim
2779 2480 3111 2549 Apotheosin
3154 2492 3442 2549 recenset,
3491 2497 3614 2541 cum

2009 2584 2170 2625 versu
2200 2569 2357 2624 simili
2390 2570 2625 2640 potuerit
2652 2570 2845 2627 librum
2872 2571 3308 2643 Peristeplianun
3332 2573 3614 2630 denotato

2012 2658 2087 2713 Ita
2111 2661 2255 2713 enim
2284 2660 2357 2714 ait
2387 2676 2399 2713 :

2106 2748 2308 2812 Hymnis
2327 2753 2585 2812 continuet
2607 2752 2735 2811 dies,

2105 2810 2211 2875 l_\'ec
2238 2825 2335 2861 uox
2362 2810 2458 2861 ulla
2486 2822 2626 2863 vacet
2649 2810 2766 2875 quin
2785 2813 3048 2865 Dominum
3070 2819 3247 2867 canat:

2106 2872 2304 2935 Pugnet
2327 2882 2497 2923 contra
2517 2870 2744 2936 hereses,
2771 2876 3058 2926 catholicam
3080 2877 3313 2929 discutiat
3336 2870 3502 2929 ﬁdem.

2012 2952 2195 3007 Potuit
2230 2955 2561 3022 praemittere
2590 2970 2605 3011 :

2109 3042 2315 3093 Carmen
2337 3046 2633 3107 martyribus
2654 3046 2915 3109 devoveat,
2942 3047 3113 3099 laudet
3134 3048 3382 3112 apostolus
3403 3049 3417 3098 ἑ

2013 3158 2121 3213 quo
2163 3160 2320 3201 versu
2348 3148 2588 3204 innuitur
2618 3148 2756 3205 liber
2794 3148 3253 3221 Peristephanun,
3286 3168 3315 3207 a
3343 3154 3501 3209 nobis
3526 3167 3616 3225 po-

315 3211 539 3293 nastcrii
566 3237 627 3295 S.
655 3237 814 3307 Galli,
843 3211 1021 3309 cap.'l
1053 3248 1108 3295 et
1133 3211 1192 3305 Ξ,
1245 3240 1390 3310 apud
1433 3236 1737 3294 Goldastunt
1782 3251 1906 3293 toni.
1951 3211 1999 3276 (ἶ
2029 3211 2231 3291 stremo
2260 3238 2379 3292 loco
2424 3240 2661 3308 positus,
2692 3241 2816 3311 quia
2870 3211 3143 3311 postremo
3174 3211 3295 3300 loco
3318 3260 3346 3299 a
3376 3211 3619 3302 Pruden-

314 3328 335 3386 l
363 3328 483 3385 ηδτ.
526 3330 795 3386 Alcmena.
822 3347 942 3402 pag.
970 3329 1039 3386 12
1067 3341 1114 3384 et
1135 3331 1225 3396 22,
1260 3341 1312 3386 ct
1343 3329 1600 3385 Glossarii
1633 3331 1911 3386 latinitatis

314 3420 568 3491 scriptor,
599 3419 917 3490 praefatione
935 3421 1118 3491 operis
1148 3421 1251 3489 sui,
1292 3437 1412 3492 pag.
1456 3420 1545 3477 35.
1579 3420 1694 3476 Non
1724 3421 1911 3476 dubito

313 3510 444 3581 quin
472 3510 713 3589 idem'sit
742 3512 846 3579 lso,
873 3527 1033 3583 quem
1055 3513 1157 3569 sibi
1191 3515 1509 3584 magistrum
1559 3512 1725 3569 fuisse
1764 3511 1914 3569 aiﬁr-

316 3612 428 3657 mat
447 3602 730 3658 Notkerus-
743 3600 997 3661 Balbulus
1015 3604 1327 3675 prafatione
1356 3605 1407 3659 in
1431 3606 1759 3676 sequentias.
1807 3603 1912 3659 De-

314 3694 482 3752 cessit
502 3704 682 3749 autem
707 3683 976 3752 Notkerus
1002 3711 1144 3752 anno
1186 3695 1313 3752 912.
1364 3697 1495 3752 Vide
1515 3697 1616 3752 alia
1644 3696 1711 3754 de
1758 3697 1913 3754 lsone

316 3802 471 3851 nam.
505 3788 609 3842 115
628 3796 681 3841 et
712 3786 834 3841 114.

392 3856 479 3937 1’7.
538 3876 791 3935 Secundo
846 3877 1139 3945 volumini,
1196 3888 1448 3950 tanquam
1493 3878 1910 3950 prolegomena,

315 3970 450 4026 duas
479 3969 738 4025 diatribas
764 3969 1132 4038 praemittam:
1157 3970 1403 4034 alteram,
1429 3971 1492 4023 de
1534 3970 1640 4023 Ara
1675 3968 1914 4024 Victoria:

314 4062 372 4115 in
397 4060 542 4115 curia
569 4054 735 4125 Julia,
759 4062 969 4132 ejusque
994 4059 1363 4126 eversionibus;
1394 4041 1617 4115 alteram
1637 4100 1651 4125 ,
1706 4061 1771 4113 de
1811 4060 1915 4129 ﬁde

277 4211 281 4214 ι
325 4148 594 4205 Prudentii
620 4159 668 4204 et
697 4150 909 4204 veritate
940 4152 991 4203 in
1021 4133 1304 4221 martyrum
1332 4151 1560 4206 historiis
1588 4153 1907 4221 enarrandis,

316 4243 399 4295 cui
429 4252 545 4296 acta
581 4255 836 4311 anonymo
871 4251 971 4295 aut
989 4244 1213 4296 recentia
1250 4244 1429 4297 cedere
1466 4243 1696 4297 debeant.
1728 4243 1914 4301 leones

316 4335 412 4391 teri
459 4334 656 4389 incisas
702 4334 754 4389 in
806 4342 1037 4405 utroque
1088 4335 1362 4393 volumine
1412 4336 1553 4391 dabo
1608 4337 1674 4391 ad
1735 4337 1915 4407 operis

316 4434 563 4482 ornatum
595 4439 884 4496 rerumque
928 4426 1379 4494 illustrationem;
1438 4429 1734 4498 prmaertim
1767 4440 1915 4486 tomo

315 4516 385 4585 ll,
412 4517 481 4573 ad
506 4525 800 4588 martyrum
825 4533 913 4575 res
938 4529 1115 4591 gestas
1140 4530 1195 4577 et
1223 4532 1571 4579 monumenta
1595 4524 1806 4593 plenius
1825 4540 1912 4581 co-

2017 3326 2091 3379 tio
2119 3338 2455 3384 recensetur.
2488 3329 2744 3397 Quamvis
2783 3340 2962 3388 autem
3016 3333 3340 3390 Prudentius
3390 3336 3622 3407 hymnos

2014 3419 2414 3475 catbemerinos
2438 3420 2507 3477 ab
2539 3422 2752 3493 hymnis
2784 3424 3219 3495 Peristephanun
3250 3429 3617 3499 separaverit,

2017 3511 2191 3567 facilis
2214 3522 2391 3569 tamen
2421 3513 2521 3569 fuit
2566 3516 2617 3570 in
2648 3514 2807 3571 codd.
2861 3532 3034 3586 mss.,
3078 3520 3212 3575 etin
3266 3520 3418 3575 libris
3460 3521 3620 3577 editis

2017 3604 2298 3675 utriusque
2327 3604 2506 3674 operis
2555 3608 2886 3677 conjunctio.
2937 3610 3071 3665 Nam
3111 3611 3237 3666 olim
3269 3628 3335 3667 ex
3365 3614 3623 3683 operibus

2014 3696 2242 3765 alicujus
2270 3697 2506 3752 auctoris
2526 3699 2754 3769 quisque
2781 3702 3049 3757 exscribe'
3070 3713 3147 3769 a',
3167 3718 3285 3774 qua!
3308 3706 3481 3776 magis
3508 3705 3620 3761 sibi

2016 3786 2311 3859 placerent,
2347 3789 2495 3844 nullo
2521 3790 2793 3846 interdum
2823 3793 3015 3848 ordine
3047 3813 3059 3846 :
3094 3782 3146 3851 ei
3175 3794 3350 3865 multi,
3386 3798 3619 3868 hymnos

2015 3894 2135 3936 cum
2167 3890 2498 3951 quaererent,
2532 3897 2722 3939 omnes
2763 3883 2995 3955 hymnos
3042 3886 3441 3949 Prudentianos
3488 3902 3620 3943 con-

2011 3971 2327 4041 junxerunt,
2375 3983 2433 4028 ‘et
2460 3975 2675 4029 titulum
2720 3974 2968 4031 fecerunt
2998 3978 3349 4047 Hymnarium
3396 3980 3462 4035 de
3490 3990 3620 4034 tem-

2016 4078 2140 4132 pore
2160 4071 2209 4117 et
2254 4064 2319 4118 de
2347 4066 2568 4132 sanatis,
2599 4073 2656 4119 ut
2696 4065 2750 4120 in
2799 4068 3206 4123 commentaris
3248 4069 3314 4124 ad
3347 4070 3620 4140 prmlatio-

2016 4169 2138 4208 nem
2166 4154 2366 4231 dicam_.
2404 4156 2504 4222 Qui
2553 4156 2817 4212 editiones
2846 4171 3068 4227 operum
3104 4158 3416 4225 Prudentii,
3463 4161 3619 4217 codi-

2016 4258 2215 4314 cesque
2270 4259 2433 4313 mss.,
2486 4260 2549 4301 ac
2592 4246 2866 4305 diversum
2898 4249 3145 4304 ordinem
3196 4249 3249 4305 in
3280 4252 3617 4309 carminibus

2016 4337 2372 4406 collocandis,
2400 4353 2429 4393 a
2462 4340 2621 4397 nobis
2643 4354 2766 4411 cap.
2790 4341 2826 4397 ι
2850 4351 2907 4395 et
2945 4340 2981 4397 5
3018 4341 3382 4410 referendum,
3413 4353 3619 4403 attente

2016 4428 2463 4495 consideraverit,
2493 4431 2802 4498 concludet,
2825 4431 3042 4502 opinor,
3071 4449 3192 4489 eum
3224 4436 3471 4493 ordinem
3495 4452 3619 4494 esse

2021 4516 2450 4589 prml'erenduui,
2482 4537 2642 4592 quem
2693 4526 2923 4593 ipsemet
2954 4534 3146 4581 auctor
3194 4527 3248 4581 in
3300 4526 3619 4597 praefatione

314 4609 623 4679 gnoscenda
649 4608 830 4679 plures
848 4589 1111 4681 imagines
1143 4613 1437 4682 proferam,
1472 4625 1527 4669 et
1557 4589 1677 4671 illas
1717 4629 1908 4672 omnes
1937 4589 1989 4651 D
2014 4620 2067 4666 ct
2115 4589 2748 4685 propositione'operum
2801 4616 3215 4673 demonstravit.
3253 4589 3449 4676 Verum
3498 4620 3615 4679 haec

313 4703 736 4770 repraesentabo,
768 4718 902 4773 quas
928 4703 1207 4760 Gallonius
1239 4707 1292 4760 in
1336 4722 1500 4777 onere
1534 4707 1602 4763 de
1644 4709 1907 4765 Cruciati-

315 4793 419 4849 bus
446 4791 544 4849 SS.
576 4791 865 4866 Martyrum
890 4794 1139 4864 inseruit,
1182 4799 1378 4867 quibus
1419 4809 1472 4853 et
1520 4814 1688 4855 novas
1723 4801 1855 4857 alias
1879 4816 1910 4857 θ

314 4883 643 4941 οωωειετίἰε
669 4883 1038 4957 depromptas,
1070 4896 1121 4943 et
1153 4903 1186 4942 n
1226 4888 1436 4945 nnuilas
1488 4891 1901 4948 animadversio-

317 4991 416 5033 nes
438 4993 504 5034 es
527 4978 763 5049 Gaspare
790 4978 1101 5050 Sagittario,
1144 4982 1372 5052 aliisque
1427 4984 1569 5039 circa
1612 4993 1907 5056 martyrum

312 5070 586 5125 cruciatus
612 5070 881 5140 adjiciam.
913 5069 1020 5126 Cur
1064 5081 1244 5128 autem
1295 5073 1510 5128 diverso
1556 5074 1747 5130 ordine
1774 5076 1906 5130 Pru-

313 5158 487 5241 dentii
514 5160 751 5215 carmina
781 5160 1160 5231 disposuerim,
1193 5163 1262 5217 ab
1318 5163 1545 5220 aliorum
1576 5165 1906 5223 editionibus

313 5248 605 5317 diss'dens,
650 5265 757 5305 non
807 5262 950 5307 esset
990 5268 1311 5325 magnopere
1352 5256 1723 5327 quaerendum,
1781 5273 1904 5314 cum

312 5356 506 5397 omnes
553 5343 804 5413 precipui
863 5344 1098 5403 editores
1152 5362 1305 5403 suam
1358 5350 1585 5421 quisque
1633 5351 1903 5409 diversm

313 5435 453 5488 viam
476 5435 643 5491 secuti
674 5435 891 5502 fuerint,
947 5446 1002 5493 et
1045 5453 1234 5509 magna
1256 5442 1329 5497 sit
1382 5445 1521 5497 inter
1566 5452 1695 5497 vett.
1741 5446 1900 5500 CmId.

312 5528 599 5584 dissensio.
632 5526 852 5585 lleinsio
884 5539 1129 5587 recentes
1150 5532 1384 5589 editores
1412 5535 1691 5607 adita-rere
1722 5538 1903 5593 voluc-

311 5630 467 5685 runt,
499 5635 675 5691 neque
707 5630 882 5677 tamen
910 5622 961 5677 id
989 5634 1115 5679 sunt
1142 5626 1396 5683 assecuti.
1428 5627 1560 5683 Nam
1604 5629 1695 5686 ille
1723 5631 1774 5686 in
1804 5633 1901 5687 ad-

307 5710 503 5768 dendis
532 5714 736 5768 notavit
762 5714 921 5769 odam
977 5730 1098 5785 qua:
1134 5731 1164 5771 a
1222 5717 1492 5790 plerisque
1530 5722 1746 5789 ponitur
1770 5732 1905 5777 tam-

311 5819 467 5877 quam
509 5806 752 5878 prta-latio
796 5807 917 5865 libri
960 5807 1389 5881 Peristcpltanmn
1416 5852 1431 5880 ,
1480 5812 1545 5870 ad
1598 5816 1901 5873 universum

2017 4704 2273 4762 hactenus
2301 4706 2631 4776 prmfationis
2659 4708 2782 4765 loco
2809 4710 2954 4766 dicta
2990 4712 3095 4767 sint
3130 4714 3283 4768 satis.

2640 4845 2867 4912 CAPUT
2904 4848 2970 4905 ll.

2598 4967 2874 5024 Prudenlii
2913 4970 3039 5025 vita.

2094 5080 2197 5151 ιο
2241 5079 2326 5135 18.
2376 5080 2545 5134 Vitam
2596 5096 2790 5153 resque
2820 5092 2999 5152 gestas
3044 5083 3321 5142 Prudentii
3371 5088 3615 5146 scribere

2015 5169 2308 5240 ingressus,
2344 5170 2485 5226 haud
2512 5174 2626 5228 scio
2667 5176 2907 5245 magisne
2937 5178 3235 5246 Optandum
3268 5180 3397 5235 mihi
3430 5192 3610 5250 esset,

2014 5273 2069 5317 ut
2099 5270 2301 5319 certam
2333 5263 2449 5333 ejus
2478 5260 2715 5335 patriam
2758 5268 2811 5321 in
2824 5269 3144 5340 vestigarem
3170 5313 3185 5337 ,
3213 5287 3282 5330 an
3323 5274 3493 5345 magis
3533 5274 3611 5329 illi

2013 5354 2083 5409 sit
2110 5355 2400 5426 gloriosum
2427 5374 2439 5409 :
2469 5368 2525 5412 ut
2544 5359 2674 5414 ol;m
2706 5360 2885 5429 pltlrt'l
2903 5362 3128 5419 Graeciaa
3149 5365 3395 5420 civitates
3417 5365 3613 5421 [iume-

2013 5462 2130 5501 rnm
2180 5448 2281 5504 sibi
2320 5448 2493 5505 civem
2542 5454 2886 5523 arrogabant,
2940 5456 3010 5510 ita
3059 5473 3201 5514 nunc
3240 5458 3309 5514 de
3336 5458 3610 5513 Prudentii

2011 5540 2172 5593 natali
2201 5538 2319 5595 solo
2350 5539 2421 5595 du
2441 5554 2484 5595 ts
2513 5544 2848 5610 potissimum
2894 5547 3162 5619 Hispania:
3193 5551 3355 5607 urbes
3386 5551 3613 5606 nobilis-

2010 5630 2175 5686 simas
2217 5642 2449 5699 certare,
2499 5634 2966 5709 Caesaraugustam
3007 5653 3062 5699 et
3088 5644 3444 5717 Calagurrim.
3476 5647 3605 5717 Qui,

2012 5724 2239 5792 partium
2259 5723 2437 5780 studio
2460 5729 2719 5795 >eposito,
2761 5732 3030 5787 rationum
3062 5749 3333 5793 momenta
3361 5742 3611 5799 conside-

2015 5825 2127 5872 rate
2150 5816 2491 5890 expcndcrit,
2523 5822 2855 5879 existimabit
2888 5823 3044 5885 facile
3066 5842 3279 5891 causam
3311 5836 3482 5903 potEu-s
3508 5836 3609 5892 sub
