4504 6468
270 426 375 484 ωδ

1656 411 2169 471 ρηυιεουιιεκλ
2184 451 2197 466 .

3495 410 3619 467 5θῦ-

285 543 490 610 Quibus
510 540 783 598 Julianum
807 541 1116 611 Aposttam
1146 536 1417 608 intelligit,
1436 544 1494 591 ut
1513 550 1581 593 ex
1606 549 1882 591 counucu-
1912 539 1960 595 Α
1991 530 2153 592 ΒίίιΙ..
2202 538 2259 585 et
2302 526 2511 585 Joanne
2559 526 2816 583 Ferreras
2872 523 2945 578 ad
3000 540 3095 580 ao.
3150 522 3288 592 406,
3340 526 3598 592 appellari

284 637 433 691 tariis
456 635 657 691 clarius
688 636 910 705 patebit,
941 633 1033 702 qui
1060 632 1130 686 ab
1155 646 1299 687 anno
1329 629 1427 685 381
1461 628 1530 684 ad
1560 627 1667 683 364
1700 626 1877 696 impe—

281 728 364 782 rio
392 728 593 796 potitus
621 736 735 793 est;
766 724 910 795 quod
942 725 993 783 in
1023 720 1879 787 successionibusimperatorum

277 820 419 891 apud
449 820 725 876 Patavium
763 819 836 875 ita
877 818 1108 874 indicari
1147 804 1383 883 videtur,
1430 821 1491 869 ut
1529 812 1882 869 nihilominus

278 914 331 969 iu
380 914 501 984 ipso
550 911 865 967 Rationario
913 922 1215 981 temporum
1261 922 1406 964 anno
1433 906 1541 962 565
1581 904 1882 960 exstinctus

275 1018 399 1061 esse
421 1004 657 1069 dicatur,
690 1003 832 1071 quod
873 1018 940 1058 ex
984 1001 1207 1058 h'storia
1234 999 1452 1056 aliunde
1480 1007 1717 1054 constat.
1770 996 1883 1052 Ac-

275 1093 422 1151 cedit
450 1093 804 1150 Prudentium
834 1108 932 1149 sua
972 1106 1162 1162 opera,
1203 1099 1260 1147 et
1290 1090 1343 1146 in
1373 1090 1457 1146 his
1486 1088 1655 1145 libros
1684 1087 1883 1142 adver-

271 1191 368 1245 sus
414 1186 803 1261 Symmachum
846 1186 1089 1242 edidisse
1137 1200 1283 1243 anno
1328 1186 1507 1241 aetatis
1556 1184 1662 1251 57,
1714 1189 1775 1236 ut
1812 1195 1883 1236 ex

274 1281 591 1351 praefatione
617 1279 916 1335 carminum
950 1277 1159 1350 liquet:

398 1393 498 1445 Per
515 1392 851 1503 quinquennia
872 1393 970 1465 jam
988 1393 1183 1451 decem.

413 1456 575 1503 fallor-
602 1454 650 1503 fu
674 1467 815 1503 mus:
842 1462 1085 1503 sentimus
1116 1455 1183 1503 in:

329 1454 388 1524 ιςὶ
413 1454 575 1516 fallor,
602 1454 782 1524 fuimus
802 1467 815 1502 :
837 1456 1085 1524 septimus
1116 1455 1344 1524 insuper.
1470 1512 1481 1524 _
1521 1513 1567 1524 Η

327 1520 524 1568 Annum
549 1512 699 1569 cardo
721 1523 873 1579 rotat,
897 1512 1013 1567 dum
1039 1512 1247 1569 {nuntur
1272 1515 1383 1565 sole
1408 1512 1625 1570 volubili,

267 1624 320 1681 id
345 1640 489 1680 anno
510 1625 725 1681 circiter
744 1621 849 1681 405
870 1636 994 1680 cum
1016 1620 1298 1701 acciderit,
1327 1630 1383 1675 ut
1397 1620 1506 1692 25
1533 1617 1875 1685 postmodum

265 1717 299 1772 d
323 1732 473 1783 cvm,
510 1729 853 1786 consequens
880 1723 996 1777 est,
1035 1713 1201 1770 Saliae
1225 1712 1565 1768 consulatum
1598 1712 1650 1767 iu
1685 1711 1873 1767 eadem

264 1809 585 1878 praefatione
612 1806 883 1864 deumari.

1992 624 2263 689 Quintum,
2291 620 2435 691 quod
2467 633 2663 674 nomen
2695 616 2851 672 aliest
2877 631 2909 670 a
2942 630 3071 670 u:s=.
3103 612 3264 671 codd.
3291 622 3347 669 et
3368 619 3601 683 antiquis

1986 714 2362 788 scriptoribus.
2388 709 2728 767 Crediderim
2754 722 2997 764 errorem
3031 706 3157 761 inde
3184 706 3311 759 oriri
3336 706 3595 773 potuisse,

1984 809 2129 879 quod
2174 805 2577 881 Symmachus,
2627 820 2787 875 quem
2848 800 3171 858 Prudentius
3227 800 3595 869 oppugnavit,

1985 902 2215 970 Quintus
2262 899 2515 957 Aurelius
2558 914 2590 954 a
2644 895 2919 952 nonnullis
2965 895 3237 949 ve'eribus
3286 891 3599 947 auctoribus

1985 992 2292 1049 dicebatur.
2341 990 2486 1047 Nihil
2533 1001 2713 1045 tamen
2742 997 2828 1044 est
2868 986 3222 1058 quamobrem
3272 983 3598 1040 Prudentius

1983 1086 2233 1142 similiter
2257 1099 2365 1140 non
2390 1083 2628 1154 potuerit
2661 1082 2886 1148 Quintus
2916 1080 3156 1135 Aurelius
3183 1075 3421 1133 Clemens
3452 1073 3597 1130 Pru-

1983 1180 2184 1234 dentius
2206 1176 2474 1232 nominari
2508 1194 2522 1231 :
2553 1176 2665 1231 imo
2690 1172 2995 1229 Alexander
3024 1172 3093 1226 ab
3124 1170 3459 1253 Alexandro,
3491 1165 3600 1223 Ge-

1984 1270 2112 1326 nial.
2145 1269 2284 1325 dier.
2336 1269 2430 1325 lih.
2464 1284 2504 1333 t,
2531 1282 2652 1336 cap.
2701 1265 2756 1332 9,
2791 1266 2983 1335 probat
3008 1262 3148 1334 apud
3185 1253 3459 1316 Romanos
3493 1274 3597 1315 sa:-

1984 1362 2108 1434 pius
2126 1362 2237 1435 26
2260 1375 2439 1417 mares
2459 1369 2694 1433 quatuor
2716 1360 2935 1415 nomina
2960 1358 3237 1421 habuisse,
3257 1370 3592 1427 prmnomen,

1982 1471 2324 1527 cognomen,
2355 1470 2624 1524 agnomen
2655 1464 2711 1509 et
2759 1467 2997 1517 nomen,
3048 1452 3211 1521 idque
3259 1450 3595 1505 nobilitatem

1984 1562 2309 1609 moiistrare.
2341 1550 2494 1619 Quod
2527 1550 2572 1604 si
2601 1563 2910 1620 praenomen
2948 1546 3240 1601 Prudentia
3282 1544 3486 1601 addere
3525 1544 3597 1599 li--

1982 1642 2093 1708 bet,
2122 1642 2352 1710 eligatur
2384 1640 2602 1695 Marcus
2633 1656 2651 1693 :
2682 1641 2750 1694 ita
2781 1638 2923 1693 enim
2956 1638 3257 1707 appellatur
3282 1638 3333 1691 in
3359 1634 3593 1706 quodam

1980 1735 2104 1792 cod.
2139 1749 2268 1801 ms.,
2302 1749 2452 1787 num.
2486 1726 2580 1787 89:
2609 1731 2892 1787 Vocandus
2914 1746 3042 1798 ergo
3071 1733 3175 1785 erit
3204 1731 3274 1784 Μ.
3308 1730 3439 1783 Aur.
3470 1728 3594 1784 Cle-

1981 1840 2137 1882 mens
2185 1824 2529 1889 Prudentius,
2559 1839 2790 1895 quorum
2839 1824 3072 1893 primmn
3120 1833 3205 1876 est
3257 1837 3597 1889 praznomeo,

339 1900 427 1955 δι’
470 1900 547 1956 De
588 1884 863 1955 pmdemﬁ
894 1898 1189 1968 maiorm“
1218 1897 1539 1953 “litamina
1572 1896 1705 1952 "nm
1735 1898 1869 1953 cer”
1904 1912 1953 1975 B
1978 1918 2255 1987 Aurelius,
2304 1928 2358 1973 et
2404 1884 2657 1973 Clemens
2706 1884 2924 1972 nomina
2968 1914 3212 1983 gentilia,
3259 1884 3593 1969 Prudentius

260 1992 327 2045 ad
361 2006 459 2047 nos
486 1990 751 2058 pervenit,
780 2005 940 2061 quam
966 1987 1357 2044 nouilissimam
1390 1988 1557 2043 fuisse
1584 2004 1652 2043 ex
1676 2004 1868 2044 mune-

259 2085 411 2139 ribus
433 2084 504 2140 ab
532 2098 599 2139 eo
625 2083 792 2154 gestis
817 2096 1029 2150 aequum
1060 2090 1143 2137 est
1171 2082 1442 2151 conjicere
1465 2122 1480 2147 ,
1526 2080 1686 2151 idque
1717 2082 1869 2137 multi

251 2180 421 2230 etiam
468 2184 679 2230 veteres
728 2176 1073 2230 conﬁrmant.
1122 2172 1359 2229 Joannes
1410 2173 1770 2243 Glandorpius
1816 2174 1868 2228 in

257 2272 538 2324 lluomast.
591 2270 781 2323 histor.
816 2268 1074 2322 Romamn
1103 2267 1253 2336 plura
1304 2266 1465 2322 habet.
1494 2266 1562 2322 de
1609 2266 1866 2328 Aureiiis,

260 2362 520 2417 nonnulla
572 2362 641 2416 de
688 2360 1101 2428 Clementibus,
1148 2371 1203 2414 et
1245 2375 1276 2414 e
1339 2360 1511 2415 tribus
1562 2359 1869 2415 Prudentiis

257 2470 397 2525 quos
422 2455 682 2521 nominat,
712 2465 955 2509 nostrum
986 2470 1180 2525 magno
1202 2454 1377 2521 elogio
1400 2455 1761 2524 prosequitur.
1794 2454 1869 2510 De

259 2546 461 2601 latnilia
512 2546 849 2601 Clementum
899 2546 1377 2617 Cmsaraugustana
1409 2547 1533 2601 vide
1580 2563 1728 2601 num.
1774 2546 1844 2602 53

261 2639 387 2695 llzrc
415 2639 513 2694 tria
563 2639 682 2708 ejus
715 2640 929 2693 nomina
960 2649 1014 2695 et
1063 2635 1166 2694 hoc
1196 2640 1385 2695 ordine
1427 2644 1604 2695 sofent
1631 2641 1833 2695 circum

258 2733 418 2799 [ιι-ἰ,
453 2733 690 2788 Aurelius
734 2733 1053 2787 Prudentius
1102 2733 1356 2788 Clemens.
1416 2734 1470 2788 in
1525 2749 1656 2789 mss.
1704 2733 1864 2790 codd.

256 2826 646 2895 antiquiSsiuiL
676 2825 859 2881 steculi
893 2841 941 2881 vx
974 2835 1025 2882 et
1074 2840 1227 2896 seqq.
1252 2827 1450 2881 dicitur
1480 2825 1724 2881 Aurelius
1753 2826 1868 2895 Cle-

256 2934 401 2971 ηιιιιε
454 2914 791 2981 Prudentius,
824 2926 883 2971 ut
927 2918 1221 2972 observare
1272 2925 1427 2987 potes
1473 2933 1589 2987 cap.
1622 2920 1679 2983 li,
1714 2934 1866 2974 num.

256 3008 349 3071 96,
384 3019 579 3075 praeter
622 3009 745 3063 cod.
800 3006 912 3065 Vat.
962 3009 1119 3064 Alex.
1173 3009 1331 3073 M59,
1382 3007 1545 3074 1838,
1579 3024 1727 3063 num.
1761 3010 1864 3075 78;

254 3099 411 3154 (λιιι).
447 3101 606 3169 1682,
654 3115 803 3154 num.
837 3102 925 3155 83.
979 3099 1178 3155 Piimie
1205 3100 1492 3165 editiones,
1524 3103 1693 3157 altera
1737 3103 1864 3157 anni

256 3192 473 3258 incerti,
502 3192 668 3246 altera
721 3191 1121 3246 Daventricnsis
1151 3195 1273 3245 anni
1302 3192 1440 3247 1495
1466 3233 1481 3257 ,
1512 3208 1670 3263 quam
1704 3194 1867 3263 pleri-

1976 2024 2173 2067 nOnien
2205 2010 2484 2080 proprium
2512 2053 2525 2074 ,
2556 2024 2620 2063 ex
2674 2008 2792 2079 lege
2844 2009 3119 2063 nominum
3172 2008 3364 2061 mediae
3393 2004 3589 2060 mtatis.

1975 2104 2139 2159 Marci
2173 2105 2373 2159 Aurelii
2412 2102 2623 2171 plutinti
2658 2104 2896 2162 fuerunt,
2931 2111 2990 2155 ut
3018 2101 3085 2155 BI.
3128 2101 3380 2155 Aurelius
3412 2100 3588 2168 impe-

1976 2206 2058 2251 rat
2081 2213 2142 2259 ir,
2192 2198 2258 2250 Μ.
2317 2196 2565 2251 Aurelius
2598 2195 2844 2249 Valerius
2889 2195 3109 2250 Flavius
3149 2190 3409 2249 Claudius
3441 2196 3588 2247 (Jon-

1974 2294 2265 2358 stantinus,
2303 2290 2671 2360 M._Aurelius
2697 2290 2957 2345 Claudius
2996 2289 3281 2347 Gothicus.
3316 2288 3384 2342 Μ.
3417 2291 3586 2343 Auru-

1977 2385 2082 2439 lius
2106 2384 2361 2438 Claudius
2393 2384 2701 2451 Quintillns.
2738 2382 2797 2436 S.
2838 2382 3155 2436 Maurelium
3181 2397 3210 2434 a
3240 2382 3307 2435 ll.
3342 2380 3586 2442 Aurelio,

1974 2488 2031 2530 ut
2064 2476 2327 2543 Agelliqu
2378 2476 2445 2530 ab
2477 2475 2617 2529 Aulo
2651 2473 2847 2541 Gellio,
2886 2473 3039 2528 multi
3092 2474 3383 2543 epiuantur
3421 2472 3582 2528 fuisse

1973 2567 2197 2621 dictum.

2045 2658 2137 2714 ὀὶ.
2181 2656 2552 2728 Ludewigius,
2584 2657 2729 2727 quod
2762 2657 2986 2714 Carolus
3044 2656 3319 2727 Sigonius,
3364 2656 3435 2712 de
3482 2656 3572 2711 lio

1973 2766 2121 2807 man.
2156 2750 2399 2816 Nomin.,
2430 2750 2684 2806 ostendat
2715 2750 3082 2805 Romanorum
3118 2748 3334 2803 nomina
3363 2764 3392 2802 a
3418 2763 3568 2819 gene'

1976 2845 2049 2899 iis
2094 2844 2355 2913 principe,
2384 2857 2415 2896 a
2445 2841 2707 2911 sapientia
2729 2882 2744 2907 ,
2791 2842 2862 2897 ab
2889 2849 3007 2896 arte
3048 2850 3217 2897 tracta
3262 2839 3588 2912 quandoque

1973 2949 2115 2998 esse,
2147 2934 2422 2990 existimat
2462 2934 2531 2988 ab
2570 2934 2691 2988 aliis
2734 2949 2840 2988 non
2866 2934 3006 2988 male
3050 2933 3269 2998 factum,
3300 2933 3391 3003 qui
3446 2932 3582 2988 Ptu-

1973 3027 2141 3081 dentii
2173 3026 2389 3081 nomina
2417 3026 2468 3081 in
2501 3025 2690 3080 laudes
2710 3026 2830 3093 ejus
2852 3035 3133 3080 traxerunt
3164 3027 3265 3094 (a).
3290 3026 3582 3086 (Steterunt,

1973 3118 2072 3173 etsi
2109 3132 2214 3171 non
2245 3115 2482 3171 absurde
2516 3118 2564 3171 iu
2595 3116 2808 3171 laudem
2842 3125 3015 3185 poeta:
3046 3117 3263 3170 nomina
3296 3118 3415 3185 ejus
3447 3116 3584 3169 vctti

1976 3211 2207 3279 possint,
2241 3217 2299 3262 ut
2327 3208 2380 3263 in
2406 3207 2527 3262 aliis
2556 3208 2779 3271 assolet,
2813 3219 2990 3263 tamen
3020 3223 3048 3261 a
3084 3208 3386 3277 prudentia,
3420 3221 3449 3260 a
3474 3208 3587 3262 cleb

255 3299 365 3351 que
410 3285 552 3339 male
599 3284 838 3339 referunt
868 3285 933 3339 ad
965 3300 1052 3339 an.
1099 3284 1278 3352 N72,
1313 3286 1529 3353 habent,
1564 3287 1691 3341 Aur.
1749 3287 1864 3342 διε-
1890 3291 1937 3353 C
1970 3318 2034 3358 ιη,

1807 3290 1864 3342 ἐ’
1890 3291 1937 3353 C
1970 3302 2196 3365 mantia,
2225 3300 2295 3355 ab
2323 3302 2506 3356 aureis
2533 3301 2774 3357 moribus
2806 3310 2972 3356 tracta
2995 3301 3085 3356 illa
3117 3315 3242 3358 esse
3270 3317 3430 3356 nemo
3460 3317 3586 3371 pru-

256 3392 401 3430 meus
450 3373 799 3442 Prudentius;
829 3378 917 3447 qui
946 3378 1081 3431 ordo
1113 3378 1388 3433 nominum
1422 3379 1539 3434 sine
1568 3382 1670 3435 ulla
1700 3395 1864 3436 eausa

256 3466 449 3521 idonea
482 3468 533 3520 in
566 3468 918 3538 sequentibus
945 3468 1195 3523 omnibus
1223 3471 1551 3525 editionihns
1578 3481 1661 3526 est
1692 3480 1867 3525 muta-

256 3568 366 3612 tus.
395 3560 525 3613 Eum
558 3570 777 3614 εεινιιιιι
805 3561 1163 3629 Trithcmius,
1200 3562 1503 3628 Ferrarius,
1532 3564 1863 3630 lluinartius,

253 3652 477 3721 aliique.
511 3652 653 3707 Beda
685 3653 752 3708 de
782 3656 915 3710 Arte
943 3658 1163 3711 metrica
1198 3657 1278 3710 bis
1305 3672 1428 3711 eum
1460 3660 1723 3724 nominat,
1758 3658 1867 3725 pri-

255 3758 406 3798 mum
435 3744 505 3798 ita
538 3762 551 3797 :
584 3742 824 3800 Prudens
854 3746 904 3800 in
932 3732 1379 3817 Psychomachia,
1404 3764 1594 3804 rursus
1624 3751 1865 3806 Aurelius

260 3834 501 3890 Prudens
547 3836 799 3892 Clemens.
832 3836 984 3905 Quod
1031 3850 1206 3894 autem
1257 3839 1406 3910 prius
1428 3841 1719 3909 aliquando
1745 3843 1865 3898 Cle-

255 3944 401 3982 mens
425 3944 585 3999 quam
639 3928 955 3985 Prudentius
987 3941 1078 3987 aut
1127 3931 1369 3988 Prudens
1414 3934 1735 4002 collocetur,
1769 3952 1860 3992 no-

255 4038 382 4076 vum
412 4038 518 4077 non
560 4032 646 4080 est
673 4041 688 4079 :
719 4026 797 4080 sic
828 4025 1095 4098 Sulpicius
1124 4038 1482 4097 cognomento
1511 4029 1749 4099 Seuerus,
1796 4030 1866 4085 ab

254 4115 308 4168 al
335 4115 379 4169 is
401 4127 622 4171 vocatur
647 4117 867 4173 Severus
892 4117 1178 4188 Sulpicius,
1206 4131 1264 4175 ut
1287 4120 1593 4177 observavit
1620 4123 1866 4178 Roswei-

254 4206 357 4261 dus
390 4208 439 4262 in
473 4218 585 4263 not.
616 4208 683 4264 ad
715 4208 815 4278 Ep.
848 4212 871 4264 t
905 4210 963 4267 S.
1001 4211 1202 4267 Paulini
1237 4226 1301 4267 ex
1338 4212 1627 4270 Francisco
1652 4215 1861 4287 Sylvio,

252 4298 346 4367 qui
382 4296 790 4370 Progymnasm.
817 4343 833 4369 ,
864 4303 1106 4357 centuria
1132 4303 1189 4369 2,
1240 4319 1359 4375 cap.
1408 4308 1498 4373 41,
1528 4306 1687 4362 docet
1716 4322 1863 4377 saepe

254 4405 557 4460 cognomen
584 4394 785 4449 nomini
819 4397 1187 4466 pratpositum.
1218 4397 1543 4455 Sirmondus
1569 4400 1622 4455 in
1651 4400 1860 4470 praefat.

253 4484 322 4536 ad
357 4493 513 4540 notas
561 4485 888 4555 Apollinaris
938 4486 1143 4543 Sidonii
1176 4491 1392 4560 egregie
1447 4490 1637 4562 probat
1668 4493 1863 4551 media:

255 4572 434 4627 :e'atis
495 4580 772 4631 nominum
841 4577 1110 4649 duplicem
1159 4582 1390 4647 quodam
1459 4583 1622 4639 modo
1686 4586 1860 4654 legem

1969 3395 2104 3451 dens
2130 3395 2476 3464 iudicaverit,
2510 3396 2605 3449 sed
2632 3394 2881 3463 impo~ita
2933 3404 3223 3464 antequam
3248 3410 3331 3449 eze
3357 3396 3586 3449 virtutes

1969 3487 2023 3543 in
2057 3488 2351 3542 Prudentio
2380 3502 2503 3542 esse
2530 3495 2625 3541 aut
2658 3486 2902 3541 eminere
2939 3488 3227 3554 cmperiut.
3260 3486 3420 3541 Aliud
3444 3488 3587 3543 solet

1970 3595 2168 3636 nomen
2219 3578 2515 3635 Prudentio
2557 3579 2796 3644 attribui,
2848 3590 2999 3635 certe
3041 3581 3199 3649 longe
3241 3590 3363 3648 post
3415 3580 3586 3651 ipsius

1969 3674 2176 3729 obitum
2223 3673 2450 3728 inditum
2486 3691 2499 3726 :
2530 3689 2655 3729 nam
2697 3673 3023 3729 Prudentius
3072 3673 3243 3743 Major
3282 3674 3585 3745 appellatur

1970 3765 2023 3820 in
2057 3765 2246 3821 codice
2299 3781 2405 3820 ms.
2454 3766 2810 3821 membranae
2858 3765 3213 3836 prosodiaco,
3259 3768 3483 3839 antiquo
3528 3778 3586 3824 et

1968 3857 2201 3924 erudito,
2220 3857 2361 3928 apud
2382 3859 2681 3928 Ba‘rthium,
2702 3859 2991 3916 Adversar.
3012 3859 3106 3917 lib.
3123 3878 3461 3931 xxxvu,cap.
3483 3864 3583 3921 l5:

1972 3948 2205 4015 Macera,
2254 3960 2301 4003 et
2342 3953 2589 4005 maceries
2635 3952 2929 4023 producunt
2958 3970 3013 4019 a,
3058 3956 3289 4023 quamvis
3322 3956 3525 4010 t'eniant
3553 3973 3587 4010 a

1970 4057 2210 4098 macer...
2245 4053 2293 4095 et
2326 4040 2645 4097 Pruden:ius
2676 4041 2855 4117 Major
2887 4061 2906 4099 :
2935 4044 3182 4110 Quamvis
3211 4048 3461 4102 maceries
3484 4050 3587 4118 ﬂo-

1969 4147 2139 4189 rentes
2169 4135 2365 4190 ambiat
2408 4153 2581 4207 agros.
2610 4136 2827 4193 Pariter
2855 4137 3095 4194 Joannes
3142 4139 3359 4203 Balbus,
3390 4156 3487 4196 seu
3516 4141 3588 4197 de

1967 4226 2141 4281 Janua
2168 4226 2222 4281 in
2247 4242 2414 4297 opere
2435 4227 2778 4295 (.‘atholicon,
2811 4230 2979 4285 verbo
3005 4230 3180 4285 SPEll/t
3216 4249 3229 4285 :
3264 4229 3414 4287 Unde
3437 4230 3584 4288 Pru-

1968 4320 2171 4374 dentius
2216 4320 2393 4394 Major
2423 4336 2441 4375 :
2473 4320 2636 4393 Cujus
2660 4323 2728 4376 ad
2757 4322 3029 4377 arbitrium
3069 4340 3223 4392 spera
3263 4324 3473 4391 nobilis,
3503 4336 3587 4380 al-

1967 4428 2065 4479 que
2110 4412 2355 4467 rotunda.
2391 4414 2491 4481 Qui
2519 4429 2711 4470 versus
2754 4416 2946 4487 legitur
2975 4417 3027 4471 in
3073 4416 3393 4486 Apotheosi,
3432 4433 3581 4475 vers.

1966 4503 2093 4570 2:0,
2130 4507 2278 4573 prior
2308 4504 2402 4560 ille
2429 4504 2670 4561 llamart.
2696 4522 2839 4562 vers.
2874 4506 3002 4563 27:6.
3056 4507 3338 4578 Suspicari
3387 4509 3583 4581 aliquis

1971 4608 2154 4667 posset
2196 4615 2264 4653 an
2297 4599 2347 4655 id
2394 4615 2591 4655 nomen
2642 4600 2941 4657 Prudentia
2983 4602 3245 4658 acciderit
3278 4618 3348 4659 ex
3393 4604 3584 4660 codice

256 4665 424 4769 “fl?”
452 4679 467 4718 ³
495 4681 677 4769 υ¹¹³¹¹ξτ
701 4676 760 4722 ιη
789 4670 1064 4769 ριόμτίιιιιη
1092 4672 1355 4744 cuiusque
1374 4690 1570 4730 "Omen
1593 4677 1647 4769 in
1681 4678 1860 4769 locum
1891 4668 1946 4730 Ῐ)
1972 4692 2183 4762 majori,
2231 4708 2298 4749 ex
2324 4709 2432 4765 quo
2481 4694 2556 4749 illi
2606 4710 2800 4752 versus
2848 4698 3259 4768 promebantur,
3311 4698 3595 4769 siquidem.

256 4755 506 4810 ultimum
538 4760 899 4827 conjicerent;
929 4760 1180 4828 alteram,
1212 4774 1271 4819 ut
1302 4773 1412 4819 tum
1445 4768 1724 4835 proprium
1759 4768 1865 4825 hoc

256 4862 477 4914 nomen,
527 4857 636 4904 tum
668 4862 887 4920 caetera,
936 4853 1205 4910 interdum
1238 4857 1457 4927 quidem
1504 4860 1721 4916 aliunde
1768 4878 1867 4932 pro

254 4940 501 5007 arbitrio,
536 4951 593 4995 ut
640 4942 927 5012 plurimum
976 4961 1104 5002 vero
1149 4964 1177 5001 a
1225 4949 1539 5021 prepinquis
1583 4953 1866 5009 all‘ectibus

255 5031 486 5086 deducta
518 5035 877 5105 imponerent.
911 5038 1090 5095 Vidcri
1122 5044 1285 5096 etiam
1313 5052 1490 5113 potest
1519 5045 1588 5101 cl.
1624 5048 1865 5103 marchio

253 5124 437 5196 Scipio
470 5127 710 5185 Blall‘elus
742 5131 794 5185 in
843 5131 1069 5188 Dissert.
1100 5135 1169 5190 de
1215 5136 1580 5194 Romanorum
1611 5139 1858 5197 Nemini.

254 5219 381 5286 bus,
423 5235 529 5289 qua
586 5224 779 5291 probat
825 5221 1156 5283 Cassiodorii
1193 5245 1508 5299 praenomen
1537 5249 1661 5291 esse
1710 5236 1854 5294 Mar-

254 5328 392 5372 cum;
423 5313 638 5368 t.omiua
668 5317 883 5382 gentilia
915 5320 1183 5376 Aurelium
1212 5322 1617 5395 Cassiodorimn,
1661 5346 1858 5389 nomen

255 5406 553 5473 proprium,
585 5421 681 5462 seu
704 5424 1001 5479 cognomen
1030 5414 1331 5472 Senatorem
1361 5418 1512 5490 (post
1534 5421 1679 5479 Hist.
1714 5423 1861 5480 (ltro-

255 5497 385 5587 ξος..
415 5506 462 5550 et
493 5497 883 5567 Contplea‘iones
906 5501 1224 5561 Cassiodorii
1251 5508 1377 5564 edit.
1409 5510 1642 5568 Tridenl.
1673 5514 1857 5587 m2).

258 5584 447 5644 litscus
498 5591 732 5646 advertit
781 5594 1127 5653 Prudentium
1192 5615 1223 5654 a
1294 5601 1547 5673 Dupinio,
1609 5619 1740 5664 tom.
1794 5584 1858 5668 Ill

329 5727 405 5813 (ιι)
442 5724 1020 5813 υλξιΔΙοίιηιιςᾊ-νίῖιιδ.
1051 5736 1245 5813 plures
1276 5740 1435 5795 codd.
1466 5758 1595 5797 mss.
1629 5759 1856 5813 operum

256 5797 555 5883 l’rudeotii.
582 5811 779 5883 unctor
821 5797 1086 5883 Calatini
1108 5810 1320 5862 testium
1352 5813 1615 5877 veritatis,
1640 5797 1749 5869 lib.
1774 5797 1854 5883 tu;

258 5884 376 5943 pag.
409 5872 507 5929 l85
528 5870 661 5929 edit.
691 5885 926 5943 po.tcr.;
958 5875 1359 5951 Taubtnanuus,
1393 5884 1444 5940 itt
1474 5870 1713 5945 Culicem
1740 5870 1855 5945 γιτὶ

1969 4800 2133 4855 opera
2167 4788 2437 4843 interdum
2472 4790 2525 4845 in
2555 4788 2737 4858 plures
2766 4789 2997 4845 diversm
3034 4792 3197 4847 molis
3226 4791 3441 4848 codices
3487 4807 3581 4848 so-

1970 4878 2153 4933 lebaut
2180 4879 2455 4935 distrahi:
2498 4897 2605 4950 quo
2649 4897 2814 4937 sensu
2845 4881 3071 4938 Ovidius
3118 4882 3368 4955 Magnus,
3415 4882 3581 4939 Clau-

1971 4971 2166 5027 dianus
2195 4974 2445 5044 Magnus,
2472 4975 2812 5032 Theodosius
2842 4976 3080 5048 Exiguus
3105 4978 3577 5049 nuncupabantur,

1972 5074 2027 5118 ut
2060 5065 2241 5135 legere
2272 5066 2475 5136 poteris
2516 5068 2570 5122 in
2598 5068 2841 5133 Barthio,
2874 5074 2959 5125 loc
3008 5070 3102 5125 cit.
3136 5071 3230 5127 lib.
3266 5086 3337 5137 v1,
3370 5087 3490 5142 cap.
3524 5073 3577 5127 1.

1970 5156 2102 5212 Eam
2134 5159 2457 5230 elegantiam
2504 5162 2707 5217 nostris
2736 5178 2954 5235 quoque
2996 5165 3237 5221 moribus
3284 5166 3582 5223 adhesisse

1965 5250 2019 5305 iu
2053 5251 2205 5307 libris
2244 5269 2473 5323 quorum
2498 5272 2627 5313 usus
2656 5266 2740 5313 est
2770 5258 2821 5313 in
2853 5260 3053 5314 scholis
3075 5260 3577 5331 grammaticorum,

1966 5353 2168 5399 norunt
2197 5337 2369 5414 pueri,
2398 5348 2595 5420 quique
2627 5366 2823 5420 pueros
2850 5352 3071 5409 docent.

2036 5434 2128 5491 45.
2170 5436 2493 5494 Prudentius
2541 5457 2671 5496 vero
2726 5452 2911 5498 noster
2954 5442 3137 5517 Major
3175 5446 3416 5503 creditur
3458 5462 3583 5504 esse

1966 5527 2143 5585 dictus
2175 5539 2233 5585 ut
2283 5547 2311 5585 a
2354 5535 2570 5590 caeteris
2601 5535 2962 5595 discernatur.
2996 5538 3258 5594 Melchiur
3288 5537 3580 5595 Goldastus

1966 5620 2203 5692 quinque
2246 5622 2567 5681 Prudentius
2607 5627 2888 5698 distinguit
2920 5631 2971 5683 in
3015 5630 3147 5686 edit.
3182 5631 3404 5698 Weitz.,
3453 5646 3575 5701 pag.

1968 5754 2108 5837 gilii,
2140 5767 2195 5811 et
2221 5757 2273 5812 in
2296 5758 2503 5837 litteris
2550 5761 2616 5837 ad
2663 5761 2981 5837 \Veitzium;
3033 5766 3320 5823 Zacharias
3356 5768 3535 5825 Victor
3559 5812 3572 5837 ,

1966 5829 2242 5898 't‘npicar.,
2277 5830 2407 5885 diss.
2450 5831 2535 5901 ll,
2564 5832 2791 5905 disquis.
2827 5835 2879 5890 2.
2911 5836 3111 5893 Conlcr
3136 5853 3257 5910 cap.
3292 5840 3349 5895 4.
