4504 6474
881 473 986 528 593

2295 458 2751 518 PllLDENTlUS.

4063 469 4160 531 επ

876 583 1472 643 3t9zTuriasoncnsem
1487 581 1792 653 episcopum
1807 579 1946 634 circa
1970 592 2166 632 annum
2183 578 2308 644 300,
2324 577 2464 632 hunc
2496 581 2542 634 A
2576 585 2684 632 tam
2714 580 2999 649 postremis
3027 581 3108 636 his
3136 583 3349 639 steculis
3379 595 3654 653 enarrant.
3710 595 3966 658 tanquam
3997 593 4159 647 scele-

875 690 1117 735 nostrum
1133 685 1364 746 poetam;
1380 673 1861 730 alium'lirecensem
1880 672 1933 726 in
1947 669 2461 740 Galliaepiscopum;

871 781 1174 838 auctorem,
1205 770 1308 841 27
1342 777 1397 822 ιιι
1425 775 1570 834 putat
1590 804 1604 829 ,
1638 761 1856 834 hymni,
1889 761 2048 833 Virgo
2089 761 2184 815 Dei
2204 760 2463 828 genitrix,

872 879 1034 930 quem
1066 861 1281 918 codices
1319 873 1446 914 mss.
1482 854 1773 911 Prudentio
1806 855 2082 910 ascribunt
2123 853 2288 926 (Vide
2315 867 2458 906 num.

873 956 1000 1018 98);
1032 961 1280 1022 quartum
1306 991 1324 1016 ,
1353 948 1673 1004 monachum
1707 945 2034 1001 Germanum
2079 953 2461 1015 pneceptorem

872 1043 1153 1099 \Valat‘ridi
1197 1040 1397 1104 Strabi.
1450 1038 1768 1108 scriptorem
1810 1038 2131 1108 hymnorum
2161 1035 2229 1091 de
2257 1033 2458 1090 Νειιίνί-

873 1144 980 1190 tate
1009 1133 1239 1199 Domini,
1263 1131 1428 1187 Corde
1454 1141 1601 1186 natus
1635 1145 1699 1184 ex
1725 1130 1972 1198 parentis,
2005 1138 2059 1184 et
2084 1128 2152 1184 de
2181 1126 2458 1191 Passione,

879 1225 1020 1281 Vidit
1046 1227 1230 1299 anguis
1256 1225 1600 1279 immolatum.
1632 1222 1736 1276 Hic
1763 1232 1862 1288 est,
1886 1223 1989 1288 ait,
2015 1222 2082 1276 ad
2112 1223 2256 1293 cujus
2304 1217 2458 1284 di/fe-

871 1321 1075 1373 ritatem
1100 1318 1417 1373 Prudentius
1438 1314 1669 1371 Cleareta
1695 1313 1867 1386 Major
1890 1323 2078 1384 smptus
2093 1321 2165 1366 est
2184 1309 2457 1381 appellari.

873 1410 971 1465 llis
988 1411 1230 1480 quintum
1260 1407 1608 1464 Prudentium
1639 1418 1737 1459 suo
1764 1401 2008 1472 beneﬁcio
2033 1412 2079 1456 et
2107 1401 2345 1454 comitate
2365 1397 2461 1454 ad-

873 1506 973 1571 ilit,
1008 1502 1356 1559 Prudentium
1383 1503 1663 1555 Amanum
1686 1495 1976 1552 Prudentio
1997 1496 2256 1551 Clementi
2279 1505 2458 1561 (cqua-

873 1595 1003 1663 lem,
1029 1602 1122 1647 aut
1143 1608 1247 1646 non
1270 1589 1426 1644 valde
1454 1587 1780 1642 inferiorem.
1821 1586 2071 1641 Attamen
2107 1585 2248 1640 hunc
2275 1586 2458 1643 Amai-

873 1703 1002 1742 num
1042 1701 1072 1741 a
1104 1683 1399 1741 Prudentio
1427 1682 1734 1752 neutiquam
1765 1694 1886 1736 esse
1915 1679 2216 1744 diversum.
2246 1695 2366 1734 cum
2390 1679 2457 1733 de

870 1780 987 1849 ejus
1018 1777 1314 1834 Dittochaeo
1337 1788 1544 1847 agetur,
1573 1775 2029 1864 demonstrabitur
2055 1793 2066 1828 :
2095 1775 2238 1846 quod
2261 1791 2456 1830 nomen

869 1871 950 1926 illi
976 1873 1048 1928 ob
1084 1872 1280 1942 ingenii
1312 1867 1812 1926 amamitatem‘aut
1858 1869 1960 1925 alia
2001 1869 2071 1925 de
2111 1885 2272 1925 causa
2305 1869 2462 1924 luerit

2572 679 2748 725 ratum
2795 686 2858 727 ac
2886 674 3149 744 perditum
3188 676 3584 735 adolescentem
3617 693 4028 751 repraesentant.
4062 684 4156 738 Lu-

2567 761 2833 834 dewigius
2868 780 2988 822 cum
3012 765 3070 822 8.
3103 769 3402 838 Augustino
3442 782 3737 842 comparat,
3787 774 3841 829 in
3888 791 3999 844 quo
4029 776 4156 832 nihil

2567 862 2652 908 est
2671 856 2853 913 simile
2875 872 2891 911 :
2917 872 3038 912 nam
3063 858 3394 929 Augustinus
3420 863 3741 932 gravissima
3787 865 4039 934 quaedam
4065 882 4154 922 sua

2568 954 2786 1009 peccata
2815 961 2920 1000 non
2961 945 3133 1001 solum
3167 947 3220 1002 in
3259 963 3484 1018 genere.
3517 951 3612 1006 sed
3645 952 3700 1008 in
3729 956 3915 1022 specie
3953 964 4012 1010 et
4053 956 4157 1011 sin-

2566 1035 2792 1104 gillatim
2819 1039 3099 1095 confessus
3119 1051 3222 1095 est.
3261 1040 3455 1097 Riscus
3507 1041 3812 1112 ﬂispanicis
3839 1048 4024 1103 verbis
4071 1064 4156 1104 ea-

2565 1122 2686 1179 dem
2717 1127 2848 1182 vitia
2875 1129 3052 1199 ample
3079 1132 3423 1199 exaggeravit
3449 1148 3465 1187 :
3499 1132 3571 1189 Se
3595 1135 3714 1207 dejo
3743 1147 3978 1192 master
3999 1138 4154 1193 delos

2564 1217 2750 1272 uicies.
2769 1258 2784 1272 .
2803 1256 2816 1271 .
2845 1220 3170 1275 manchando
3197 1238 3259 1276 sit
3283 1216 3502 1279 cuman
3523 1264 3540 1290 ,
3585 1228 3807 1281 amando
3862 1229 3939 1282 los
3991 1237 4152 1302 torpes

2565 1311 2785 1379 deleytes
2811 1313 2878 1366 de
2898 1313 2950 1365 la
2969 1329 3141 1368 carne.
3170 1314 3237 1369 Et
3260 1317 3380 1384 quis
3402 1330 3506 1371 non
3531 1316 3632 1374 hoc
3657 1317 3770 1373 fere
3792 1320 3955 1375 modo
3985 1321 4148 1390 loqui-

2565 1400 2994 1458 turlFabricius
3035 1404 3259 1460 ulterius
3307 1422 3626 1477 progressus
3650 1409 3882 1465 allirmat
3931 1412 3986 1466 in
4037 1421 4148 1482 toga

2562 1506 2753 1547 causas
2781 1493 2991 1564 iniquas
3011 1495 3363 1552 Prudentium
3385 1499 3584 1569 egisse,
3608 1502 3753 1572 quod
3777 1505 3983 1574 pariter
4005 1506 4148 1560 colli-

2559 1583 2637 1652 git
2667 1597 2736 1637 ex
2768 1584 2866 1638 hac
2892 1585 3004 1655 ipsa
3030 1586 3362 1654 prafatione.
3833 1611 3840 1618 ·

2629 1675 2719 1733 45.
2761 1677 3023 1747 Equidem
3076 1695 3183 1735 non
3237 1681 3458 1738 libidine
3516 1683 3692 1755 aliqua
3737 1688 4150 1744 commendandi

2561 1766 2932 1836 Prudentium.
2959 1785 3064 1826 non
3091 1773 3482 1832 consuetudine
3510 1789 3817 1832 nostrorum
3849 1790 4148 1850 temporum

2559 1861 2834 1930 abreptus.
2884 1877 2986 1932 qua
3021 1871 3097 1918 tot
3125 1865 3386 1935 apologiai
3416 1867 3712 1935 pullulant.
3759 1880 3817 1926 et
3842 1882 4150 1941 -quantum-

871 1964 1200 2034 impositum.
1232 1964 1531 2028 Tarraiam,
1558 1962 1878 2034 Trugillum,
1923 1971 1980 2018 et
2003 1961 2306 2018 Ferrarium
2335 1962 2454 2021 Nic.
2487 1942 2530 2001 Β
2558 1951 2650 2007 libi

2366 1962 2454 2021 ne.
2487 1942 2530 2001 Β
2558 1951 2690 2007 libet
2717 1953 3015 2022 desperata:
3058 1968 3234 2010 causae
3262 1964 3518 2026 patronos
3561 1960 3794 2017 audaces
3835 1962 4145 2032 inveniunt,

870 2057 1139 2112 Antonius
1168 2065 1314 2112 recte
1337 2056 1597 2126 coarguit,
1628 2057 1770 2126 quod
1822 2071 2035 2111 sacrum
2081 2065 2293 2126 poetam
2321 2055 2452 2110 Pru-

870 2148 1112 2203 dentium
1159 2163 1280 2204 cum
1333 2148 1712 2204 'l‘uriasonensi
1780 2149 2031 2218 episcopo
2090 2147 2449 2205 confuderint.

868 2239 1104 2294 Consule
1127 2239 1495 2295 Bollandianos
1513 2239 1931 2306 continuatores.
1953 2239 2017 2295 ad
2039 2240 2181 2295 diem
2202 2240 2274 2297 28
2298 2242 2452 2310 Apri-

867 2330 936 2385 lis
971 2331 1024 2385 in
1050 2332 1441 2388 commentario
1469 2333 1670 2404 prtcvio
1716 2332 1781 2388 ad
1833 2332 2006 2388 Vitam
2040 2333 2098 2390 8.
2141 2331 2446 2392 Prudentii.

866 2423 955 2492 qui
1008 2423 1336 2480 Bernardutn
1382 2425 1677 2484 Lucensem
1724 2425 1960 2482 Tarralae
1997 2427 2313 2498 cmterisque
2357 2426 2450 2482 ad-

861 2513 1113 2585 jungunt,
1147 2527 1201 2571 et
1249 2516 1317 2571 de
1361 2526 1520 2572 nitate
1565 2517 1841 2574 Prudentii
1899 2518 2305 2574 Turiasonensis
2362 2519 2451 2572 vix

866 2606 1009 2661 aliud
1036 2616 1240 2663 certum
1263 2622 1383 2663 esse
1408 2619 1668 2676 statuunt,
1715 2612 1814 2666 nisi
1840 2626 2037 2667 annum
2091 2612 2300 2667 Domini
2348 2613 2451 2668 846

865 2696 1096 2752 vivendo
1119 2700 1492 2756 antecessisse.
1520 2701 1730 2759 \‘ixisse
1758 2718 1899 2759 anno
1926 2703 2030 2760 300
2058 2704 2347 2774 probabilis
2370 2715 2452 2759 est

864 2788 1068 2856 Opinio.

935 2881 1026 2938 Η.
1066 2885 1179 2954 Age
1210 2901 1368 2954 nunc,
1401 2901 1465 2942 ex
1496 2887 1615 2953 ipso
1635 2888 1924 2946 Prudentia
1962 2893 2284 2947 curriculum
2333 2894 2449 2964 ejus

861 2971 990 3028 vitai
1015 2973 1082 3029 ad
1113 2991 1313 3033 annum
1345 2995 1512 3049 usque
1534 2982 1709 3036 artatis
1730 2981 1798 3036 57
1818 2981 2123 3050 audiamus,
2154 3000 2219 3040 ex
2259 2985 2450 3055 prasta-

864 3065 1009 3121 tione
1035 3066 1102 3122 ad
1129 3069 1382 3125 carmina.

988 3200 1087 3270 Per
1109 3204 1440 3270 quinquennia
1452 3204 1552 3270 jam
1569 3206 1766 3270 decem,

922 3261 980 3331 liii
1003 3261 1159 3318 fallor,
1184 3261 1361 3331 fuimus
1379 3278 1395 3314 :
1414 3261 1652 3331 septimus
1675 3261 1875 3331 insuper

922 3328 957 3372 A
966 3325 1447 3395 nuumcardorotat,
1468 3325 1580 3395 dum
1604 3325 1806 3381 fruimur
1823 3332 1930 3382 sole
1950 3331 2168 3395 volubili,

987 3384 1137 3435 Instat
1160 3390 1413 3444 terminus.
1434 3384 1492 3438 ἐι
1509 3389 1641 3438 diem
1797 3435 1800 3438 .

925 3446 1142 3514 \_'ic_inum
1162 3449 1302 3514 senio
1321 3451 1415 3511 jam
1443 3451 1578 3499 Deus
1601 3453 1824 3514 applicat.

924 3508 1048 3578 Quid
1074 3522 1164 3559 nos
1185 3511 1304 3578 utile
1322 3508 1445 3560 tanti
1470 3508 1875 3578 sagatio'tEtnporis
1894 3515 2120 3578 egimus?

987 3569 1118 3619 (Etas
1138 3573 1288 3633 prima
1309 3569 1624 3633 crepantibus

925 3630 1083 3700 flevit
1103 3630 1196 3680 sub
1212 3632 1387 3700 ferulis
1402 3630 1422 3683 ἐ
1448 3647 1560 3700 mox
1583 3636 1746 3700 docuit
1765 3644 1876 3700 toga

924 3692 1161 3743 Infectum
1183 3697 1312 3745 vitiis
1330 3695 1444 3745 lalsa
1467 3695 1616 3761 loqui,
1643 3711 1737 3748 non
1758 3692 1865 3750 sin'e
1889 3702 2112 3754 crimine.

860 3820 1126 3875 Hactenus
1157 3820 1396 3890 intelligo
1417 3828 1627 3876 aetatem
1661 3823 1907 3890 primam.
1950 3827 2232 3896 pueritiam
2263 3837 2440 3885 extre-

858 3925 1021 3975 mam,
1053 3925 1136 3978 ac,
1172 3912 1219 3966 si
1244 3913 1342 3974 vis.
1372 3911 1748 3970 adolescentia
1783 3917 1993 3972 initium
2027 3933 2195 3988 usque
2242 3921 2312 3975 ad
2341 3938 2438 3974 an-

858 4017 986 4055 num
1011 4003 1226 4058 circiter
1250 4003 1342 4068 20.
1370 4019 1480 4074 quo
1515 4014 1757 4076 tempore
1802 4008 2267 4078 ntendaciuncula,
2317 4014 2437 4082 qui-

859 4094 960 4149 bus
989 4095 1100 4150 lere
1127 4095 1214 4148 illa
1239 4107 1366 4149 :ctas
1413 4097 1603 4152 inlecta
1642 4113 1768 4154 esse
1794 4103 2094 4167 consuevit,
2136 4104 2300 4158 animi
2346 4103 2444 4160 de-

858 4185 1140 4273 inissione,
1165 4201 1267 4256 qua
1295 4187 1528 4243 maxime
1576 4190 1893 4256 excellebat,
1925 4203 2166 4261 accusat,
2198 4196 2299 4249 nisi
2331 4209 2444 4250 ma-

859 4275 926 4329 lis
950 4275 1288 4346 interpretari
1311 4279 1631 4334 rhetoricam
1675 4289 1730 4335 et
1767 4282 2121 4350 dialecticam,
2145 4286 2338 4354 quibus
2362 4289 2441 4341 ta-

855 4365 1146 4421 cultatihus
1166 4383 1329 4422 uasa
1356 4383 1510 4431 LOQUI
1555 4371 1952 4440 quodammodo
1990 4377 2271 4444 congruit;
2321 4393 2441 4447 quae

856 4460 1226 4527 interpretatio
1254 4461 1584 4529 prtelereuda
1609 4465 1841 4530 videtur,
1874 4483 1995 4522 cum
2026 4479 2082 4524 et
2110 4471 2328 4540 optimis
2356 4487 2440 4528 re-

856 4552 1101 4608 centibus
1128 4555 1641 4612 comtnentatoribus
1686 4559 1967 4629 placuerit,
1998 4572 2053 4616 et
2101 4564 2152 4618 iu
2203 4565 2438 4635 antiquis

2554 2043 2650 2099 sed
2673 2059 2859 2100 amore
2880 2043 3120 2102 veritatis
3152 2046 3447 2118 impulsus,
3481 2050 3755 2107 Prudentii
3778 2052 4147 2110 defensionem

2553 2137 2864 2207 suscipiam.
2908 2137 3120 2195 Etenim
3147 2153 3460 2210 persuasum
3487 2141 3664 2198 balteo
3685 2143 3819 2198 nihil
3845 2145 3917 2201 ab
3940 2162 4009 2202 eo
4034 2163 4150 2203 esse

2551 2229 2752 2285 dictum
2793 2230 2936 2301 quod
2972 2246 3038 2286 ex
3071 2247 3166 2287 ore
3195 2232 3428 2288 hominis
3467 2233 3597 2304 justi
3628 2244 3684 2290 et
3709 2236 4015 2293 Christiana
4049 2239 4145 2293 hu-

2554 2324 2779 2379 tnilitate
2810 2325 3018 2395 praediti
3047 2341 3152 2381 non
3207 2327 3378 2382 soleat
3405 2329 3677 2384 excidere.
3728 2329 3941 2386 Justum
3971 2333 4143 2389 humi-

2555 2431 2676 2470 nctn
2705 2430 2827 2471 cum
2859 2416 3002 2485 dico,
3022 2416 3282 2486 justitiam
3309 2417 3551 2490 intelligo
3589 2420 3764 2492 qualis
3795 2422 3851 2476 in
3876 2423 4142 2487 homines.

2554 2507 2680 2562 dum
2707 2507 2762 2562 iu
2787 2507 2888 2563 hoc
2914 2509 3113 2564 sacculo
3153 2510 3358 2577 vivunt,
3382 2511 3547 2567 cadit.
3568 2511 3711 2568 Licet
3729 2515 3889 2579 enim,
3920 2517 3996 2569 ait
4021 2530 4147 2570 con-

2553 2599 2642 2654 cil.
2668 2599 2945 2668 Trideut.,
2975 2616 3110 2656 sess.
3139 2601 3194 2672 6,
3226 2603 3295 2657 de
3313 2602 3493 2658 Justil.
3525 2618 3646 2673 cap.
3680 2605 3766 2672 il,
3794 2607 3850 2659 in
3877 2605 3976 2660 hac
4003 2624 4142 2662 mor-

2555 2697 2647 2749 tali
2687 2696 2812 2762 eita,
2853 2699 3174 2767 quantumvis
3206 2698 3371 2752 sancti
3410 2707 3460 2752 et
3474 2701 3608 2771 justi
3646 2703 3700 2753 in
3724 2700 3857 2754 leuia
3885 2700 4066 2756 saltem
4100 2711 4146 2756 et

2551 2788 2872 2856 quotidiana,
2907 2803 3024 2857 qua:
3054 2790 3203 2843 etiam
3232 2789 3435 2845 uenalia
3458 2791 3716 2856 dicuntur,
3750 2801 3959 2856 precata
3985 2810 4146 2859 quan-

2551 2880 2717 2950 doque
2759 2881 2967 2947 cadant,
3000 2898 3103 2935 non
3143 2893 3417 2952 proptrrea
3464 2883 3704 2936 dcst'mtnt
3751 2900 3859 2938 esse
3895 2888 4051 2955 justi.
4082 2885 4146 2941 Et

2552 2975 2807 3031 Proverh.
2840 2990 2958 3042 cap.
2987 2991 3131 3040 xxtv.
3157 2975 3226 3032 l6
3252 2994 3264 3029 :
3297 2975 3497 3045 Septies
3546 2979 3680 3031 enim
3706 2980 3849 3033 cadet
3867 2983 4067 3052 justus,
4098 2994 4144 3036 et

2551 3077 2777 3136 resurget
2805 3069 2900 3137 (ὁ).
2936 3067 3058 3122 llaec
3100 3068 3261 3136 igitur
3293 3079 3534 3138 peccata,
3582 3070 3634 3125 in
3665 3085 3787 3140 quae
3830 3073 3962 3142 justi
4001 3087 4147 3142 att-pe

2553 3159 2824 3225 labuntur,
2849 3168 2902 3212 et
2931 3157 3014 3211 lex
3039 3157 3128 3212 illa
3157 3173 3314 3228 quam
3346 3158 3636 3228 Apostolus
3676 3161 3790 3228 ipse
3811 3163 4143 3231 experieba-

2557 3264 2642 3306 tur
2669 3253 2724 3307 in
2760 3250 3017 3306 membris
3033 3251 3147 3306 suis
3166 3263 3552 3322 repugnantem
3585 3253 3686 3324 legi
3707 3257 3907 3312 mentis
3930 3271 4069 3325 suae,
4092 3269 4145 3311 et

2548 3345 2903 3414 captivantem
2945 3359 3066 3397 eum
3116 3345 3169 3398 in
3207 3344 3378 3412 legum
3419 3345 3645 3413 peccati,
3695 3348 3825 3403 satis
3874 3362 4145 3419 superque

2548 3448 2674 3492 sunt
2710 3446 2765 3492 ut
2811 3436 2972 3492 verba
3023 3435 3297 3492 Prudentii
3357 3438 3426 3493 ab
3467 3436 3683 3494 homine
3719 3439 3868 3509 justo
3895 3439 4140 3497 adhiberi

2551 3533 2756 3602 possint
2785 3541 2892 3586 tam
2941 3547 3069 3586 vere
3115 3547 3275 3601 quam
3332 3531 3628 3589 humiliter.
3673 3535 3823 3590 Libet
3862 3539 4007 3592 enim
4038 3538 4141 3594 hoc

2549 3623 2859 3678 Christiano
2897 3623 3158 3678 vocabulo
3197 3622 3273 3677 uti
3302 3663 3320 3689 .
3373 3639 3494 3678 cum
3546 3635 3761 3683 Veteres
3793 3627 3968 3683 Latini
4021 3646 4138 3686 eam

2549 3717 2657 3787 29
2679 3717 2948 3778 virtutem,
2981 3730 3138 3784 quam
3165 3732 3232 3770 ne
3261 3718 3621 3786 agnoscebant
3650 3721 3892 3790 quidem,
3919 3724 4142 3793 proprio

2546 3810 2761 3864 nomine
2792 3825 2898 3862 non
2925 3807 3262 3864 donaverint.
3295 3809 3543 3866 Profecto
3587 3811 3643 3868 S.
3697 3813 4058 3886 Hieronymus
4087 3816 4140 3871 in

2545 3900 2781 3970 epitaph.
2816 3900 3019 3966 Paulae,
3046 3912 3176 3957 tom.
3206 3902 3224 3957 l
3255 3916 3438 3971 oper..
3469 3919 3617 3958 num.
3653 3905 3751 3967 15.
3800 3907 3851 3960 id
3885 3918 4036 3963 notat
4075 3911 4142 3964 dc

2544 3994 2603 4048 S.
2636 3993 2794 4046 Paula
2825 4009 2838 4044 :
2871 3990 2938 4045 lu
2959 4009 3060 4060 qua
3100 3996 3264 4062 fontes
3289 3994 3521 4048 crederes
3550 3994 3922 4067 lacrymarum.
3955 3997 4043 4055 Ita
4071 4002 4144 4054 ιε.

2543 4090 2626 4142 uia
2657 4098 2864 4155 peccata
2893 4087 3186 4158 plangebat,
3215 4099 3270 4142 ut
3316 4089 3461 4142 illam
3503 4093 3927 4160 grauissimorum
3965 4096 4144 4149 crimi-

2546 4199 2669 4236 num
2698 4184 2927 4237 crederes
2962 4198 3124 4236 ream.
3176 4183 3329 4238 Pleni
3366 4193 3492 4237 sunt
3536 4184 3655 4238 libri
3709 4188 3945 4256 mystic’i,
3983 4189 4140 4257 plena

2545 4287 2667 4331 acta.
2693 4287 3002 4331 sanctorum
3028 4274 3336 4343 huiusmodi
3369 4279 3649 4346 exemplis.
3683 4295 3804 4348 qua:
3824 4280 4137 4350 singillatim

2541 4380 2830 4423 recensere
2859 4382 2964 4421 non
2996 4379 3174 4424 vacat.
3198 4367 3321 4438 Legi
3347 4380 3569 4437 possunt
3595 4386 3715 4440 quae
3754 4371 4140 4430 innocentissi-

2545 4477 2630 4516 ma
2658 4461 2808 4531 virgo
2837 4460 2896 4516 8.
2926 4459 3177 4515 'l‘hercsia
3218 4459 3285 4514 de
3334 4474 3395 4516 se
3425 4473 3628 4528 narrat,
3687 4468 3966 4533 exponen’s
4009 4468 4139 4539 quid

2543 4555 2715 4624 egerit
2737 4567 3022 4624 antequam
3053 4553 3438 4608 monasterium
3469 4555 3860 4626 ingrederetur.

855 4643 1052 4712 glossis
1081 4645 1396 4713 reperiatur.
1429 4645 1848 4719 Caesaraugusta
1878 4653 2070 4708 litteris
2093 4670 2310 4722 operam
2346 4673 2440 4711 na-
2469 4679 2522 4741 D
2616 4648 2704 4702 ιδ·
2765 4646 2890 4741 Nec,
2934 4661 3152 4741 ηκξνθτθ
3204 4662 3527 4717 quemquam
3577 4650 3775 4706 debent
3814 4653 4001 4722 εηνίδ
4049 4654 4140 4710 illa

857 4749 1013 4791 vasse
1052 4736 1152 4789 sub
1176 4735 1332 4792 Petro
1361 4745 1573 4793 oratore
1618 4755 1722 4795 non
1754 4751 1958 4799 temere
2005 4747 2224 4814 conjicit
2252 4749 2440 4804 lliscus

858 4841 922 4878 cs
954 4825 1012 4881 S.
1050 4826 1358 4898 llieronym.
1390 4829 1456 4884 ad
1487 4831 1596 4901 28
1632 4847 1720 4886 an.
1769 4833 1877 4888 556
1906 4837 1960 4890 in
2005 4835 2307 4893 Chronica:
2343 4837 2440 4893 Pe-

859 4927 968 4968 trus
1011 4915 1416 4991 Cessat-augustas
1469 4935 1641 4978 orator
1685 4925 1903 4997 insignis
1938 4929 2079 4982 docet
2111 4930 2211 4999 (α).
2261 4929 2439 5002 Pergit

857 5005 1195 5063 Prudentius.

1041 5120 1164 5191 Tum
1188 5121 1362 5191 lasciva
1384 5131 1693 5191 protervitas,

980 5180 1042 5258 Et
1064 5180 1472 5258 luxus'petula'ns,
1491 5191 1588 5240 heu
1601 5180 1778 5258 pudet,
1797 5207 1855 5245 ac
1877 5197 2036 5258 piget,

980 5242 1194 5297 Fasdavd
1210 5242 1445 5308 juvenem
1460 5242 1694 5315 nequitia:
1718 5242 2043 5320 sordib'usTI—c
2065 5259 2183 5310 luto.

851 5370 926 5424 lin
963 5371 1126 5426 verba
1157 5374 1353 5441 quibus
1379 5379 1649 5433 accusatio
1675 5382 1852 5437 omnis
1881 5385 2142 5442 adversus
2169 5387 2433 5458 juvenilia

849 5462 1133 5519 Prudentii
1158 5467 1380 5523 crimina
1413 5469 1658 5528 innititur
1686 5493 1699 5528 :
1733 5487 1996 5549 quotquot
2025 5483 2167 5538 enim
2220 5483 2338 5554 ejus
2359 5489 2438 5542 vi-

923 5648 1006 5719 (a)
1043 5649 1212 5722 llujus
1251 5654 1389 5710 Petri
1439 5660 1654 5714 nomine
1671 5661 1874 5717 editum
1901 5664 2189 5722 chronicon
2223 5670 2265 5723 si
2297 5672 2434 5728 torte

855 5720 918 5770 ad
948 5730 1064 5802 tuas
1085 5720 1278 5802 manus
1296 5731 1620 5797 pervenerit,
1641 5735 1802 5799 scias.
1834 5735 2108 5802 pervelim.
2131 5720 2201 5792 ab
2225 5720 2430 5798 ἧδ’έᾶέᾶ

855 5792 1170 5876 conﬂatum,
1191 5797 1279 5876 qui
1302 5807 1356 5850 ut
1375 5813 1467 5876 sua
1498 5792 1702 5855 somnia
1735 5792 2108 5876 venditarent,
2137 5792 2428 5868 celeberri:

855 5868 1302 5940 tua-antiquitatis
1327 5873 1540 5924 nomina
1583 5889 1924 5940 usurparunt.

926 5933 1004 6002 (ὁ)
1045 5931 1141 5988 ιω
1168 5940 1263 5992 etsi
1303 5954 1408 5994 non
1455 5931 1757 6000 inveniatur
1812 5947 1958 6013 illud.
2017 5951 2156 6019 quod
2208 5953 2427 6020 plurimi

2547 4741 2707 4796 vrrba
2736 4756 2852 4811 qua!
2882 4739 3200 4795 Prudentius
3227 4742 3502 4814 usurpavit
3527 4760 3540 4795 :
3567 4741 3779 4798 Lasciva
3814 4747 4138 4814 protervitas,

2546 4836 2562 4888 ι
2600 4852 2700 4890 rus
2730 4833 2989 4905 petulans,
3015 4817 3212 4896 sordes.
3245 4843 3293 4888 et
3337 4836 3503 4888 lutum
3541 4837 3778 4905 nequitia:
3802 4853 3821 4891 :
3842 4854 3964 4892 nam
3999 4854 4144 4909 pra:-

2546 4938 2786 4999 tcrquam
2817 4927 2955 4997 quod
2985 4925 3251 4981 similibus
3279 4934 3370 4980 aut
3399 4927 3757 4983 atrocioribus
3794 4928 3976 4983 verbis
4004 4947 4144 4985 non-

2545 5023 2670 5076 nulli
2721 5019 2931 5085 sancti,
2982 5017 3073 5087 qui
3117 5019 3278 5072 vitam
3326 5019 3667 5074 innocentem
3715 5021 4004 5090 vixerunt,
4059 5027 4142 5080 usi

2546 5122 2670 5168 sunt
2692 5154 2707 5179 ,
2754 5125 2862 5166 non
2896 5121 3002 5164 tam
3030 5109 3116 5164 illa
3149 5116 3275 5162 sunt
3295 5108 3473 5176 gravia
3503 5125 3660 5178 quam
3708 5111 3980 5186 plerisque
4026 5114 4142 5169 for-

2544 5218 2685 5263 tasse
2735 5207 2996 5261 videatur.
3049 5203 3127 5258 Eo
3175 5203 3317 5258 enim
3367 5205 3544 5257 omnia
3589 5205 3820 5273 denique
3869 5209 4139 5274 recidunt,
4167 5277 4188 5286 Α,

2546 5311 2601 5356 ut
2628 5300 3007 5370 explicandum
3037 5300 3110 5354 sit
3153 5297 3278 5369 quid
3318 5298 3557 5366 nequitia:
3599 5299 3816 5354 nomine
3853 5299 4025 5355 Latini
4060 5290 4155 5354 in?

2546 5396 2876 5452 tellexerint.
2905 5394 3242 5449 Christianus
3264 5391 3592 5461 Becmanus,
3624 5393 3692 5448 de
3717 5394 3923 5463 Origin.
3958 5393 4140 5448 Latin.

2545 5496 2737 5560 lingute
2759 5532 2774 5557 ,
2819 5487 2986 5543 verbo
3018 5484 3246 5556 1Equer,
3279 5485 3495 5540 Perotto
3541 5485 3877 5554 adversatur,
3923 5488 4015 5557 qui
4045 5503 4140 5541 ne-

2543 5669 2770 5732 addunt,
2798 5668 2849 5719 in
2877 5667 2979 5727 die,
3033 5673 3229 5732 tamen
3261 5659 3462 5717 veritas
3516 5660 3800 5714 sentcntiae
3843 5663 4140 5715 multorum

2540 5731 2860 5796 auctoritate
2897 5742 3079 5812 posset
3104 5731 3407 5812 conﬁrmari
3439 5747 3454 5796 ;
3489 5747 3672 5812 natea
3721 5741 3974 5812 tempore
4004 5733 4141 5812 cas-

2539 5810 2677 5866 siani
2709 5822 2772 5861 ca
2805 5799 3004 5859 additiu
3045 5804 3240 5872 legitur
3278 5799 3435 5856 facta.
3483 5801 3758 5871 Manifesta
3801 5803 3996 5872 (inquit
4046 5804 4142 5856 ille

2540 5881 2737 5936 (ἴοιμι.
2770 5893 2901 5938 un.
2939 5891 3058 5943 cap.
3095 5874 3196 5943 l5)
3227 5873 3503 5946 Scriptura
3542 5873 3844 5942 pronuntiat
3869 5914 3885 5940 ,
3933 5873 4136 5946 ,ςεριιιοι

2537 5956 2590 6007 in
2622 5953 2705 6006 dic
2732 5948 2869 6004 cadit
2884 5950 3083 6017 justus,
3118 5955 3165 6000 et
3196 5945 3434 6015 resurgit.
