4504 6464
229 416 332 475 597

237 620 463 676 Varroni
518 628 768 687 quoque,
818 612 950 683 qui,
999 608 1093 663 lib.
1144 622 1196 661 ts
1246 604 1365 663 Lat.
1422 602 1580 669 ling.,
1628 612 1658 651 a
1690 612 1751 648 ne
1781 604 1837 649 et

231 718 515 787 quidquam
539 711 778 778 deducit,
809 710 1156 777 repugnaret,
1185 710 1403 771 putans,
1444 711 1661 787 nequam
1689 707 1717 745 a
1749 707 1831 755 ne,

230 786 285 861 et
333 822 534 875 aequum
581 800 883 858 rectissime
909 797 1035 862 dici,
1068 803 1128 849 ut
1155 808 1374 861 nequam
1416 790 1486 845 sit
1512 786 1706 850 ἄδικος,
1748 809 1834 840 κα-

235 902 343 965 κὸς,
372 895 621 973 ἅρχιιοςς
648 890 790 962 quod
834 889 1011 961 arguit
1035 887 1345 949 deductum,
1386 897 1415 937 a
1447 896 1642 951 nequus
1692 880 1835 973 (pro

234 1007 343 1059 quo
387 970 589 1043 utimur
630 981 873 1051 nequam)
915 980 1176 1052 nequitia,
1213 988 1269 1032 ut
1310 991 1341 1032 a
1386 973 1559 1029 malus
1610 970 1830 1026 malitia.

234 1078 374 1148 Quid
441 1078 488 1134 si
538 1086 753 1132 veteres
807 1073 979 1128 Latini
1034 1087 1064 1125 a
1115 1070 1449 1140 nequicquam
1500 1062 1837 1120 deducebant

234 1171 399 1228 etiam
428 1169 692 1239 nequitia?
728 1168 941 1231 Cicero,
968 1162 1215 1227 Tuscul.,
1236 1160 1363 1213 edit.
1398 1157 1520 1212 Ald.
1550 1171 1669 1223 pag.
1696 1154 1796 1209 194
1820 1171 1830 1205 :

239 1264 411 1334 Neqai
434 1265 522 1330 ia,
552 1262 785 1333 quamvis
829 1260 924 1312 hoc
955 1258 1139 1311 durius
1180 1257 1438 1316 rideatur,
1487 1256 1550 1305 ab
1598 1267 1655 1305 eo
1695 1250 1836 1318 quod

236 1356 574 1424 nequicquam
604 1363 674 1407 est
702 1353 757 1405 in
790 1350 883 1404 tali
911 1350 1117 1404 homine
1136 1392 1149 1411 ,
1178 1363 1240 1401 ex
1271 1361 1373 1417 quo
1404 1344 1545 1398 idem
1574 1341 1725 1417 nihili
1749 1340 1831 1394 dio

235 1450 391 1503 citur.
423 1446 601 1513 Quare
632 1442 925 1515 nequitiam
977 1442 1091 1497 fere
1139 1454 1235 1508 pro
1285 1437 1478 1495 inertia
1508 1435 1649 1490 idem
1682 1449 1836 1489 usur-

237 1546 357 1609 pat,
389 1538 442 1592 in
469 1535 686 1592 Catilin.
706 1575 721 1600 ,
750 1549 872 1604 pag.
901 1532 970 1587 98
997 1552 1008 1585 :
1033 1532 1156 1585 lam
1184 1548 1263 1585 me
1292 1531 1462 1600 ipsum
1491 1527 1709 1594 inertiis,
1742 1542 1833 1579 ne-

235 1630 507 1700 quitiaque
535 1626 851 1691 condemno;
879 1634 929 1680 et
965 1639 1083 1693 pag.
1114 1622 1215 1679 105
1239 1642 1250 1675 :
1280 1620 1474 1674 Inertia
1502 1636 1561 1674 ac
1590 1619 1835 1689 nequitia.

240 1722 445 1778 Eodem
473 1721 726 1793 pertinet,
749 1720 899 1789 quod
931 1702 1254 1773 Prudentius
1280 1718 1391 1771 ait:

300 1854 427 1914 Quid
453 1867 545 1906 nos
566 1852 689 1907 utile
713 1855 834 1905 tanti
859 1845 1014 1915 spafio
1035 1852 1273 1915 temporis
1294 1849 1523 1914 egimus?

240 1981 311 2037 Et
340 1980 477 2037 infra
507 1980 576 2036 de
606 1980 762 2034 bonis
790 1987 845 2035 et
875 1979 1029 2033 malis
1058 1980 1282 2033 fortuna:
1310 1993 1323 2029 :

365 2112 590 2176 Nunquid
616 2113 728 2163 talia
752 2112 1024 2176 proderunt

301 2175 478 2227 Carnis
498 2173 610 2238 post.
627 2173 815 2225 obitum
838 2174 919 2224 vel
938 2177 1084 2234 bona,
1110 2173 1190 2224 vel
1217 2173 1373 2225 mala?

243 2302 428 2371 Itaque
457 2301 779 2357 Prudentius
831 2301 999 2355 otium
1029 2339 1045 2366 ,
1078 2300 1325 2355 inertiam
1351 2340 1367 2367 ,
1408 2314 1571 2369 opera
1613 2314 1732 2369 qua:
1777 2299 1843 2353 ad

241 2393 471 2447 salutem
513 2401 771 2448 teternam
808 2392 1243 2461 consequendam
1290 2391 1424 2445 nihil
1454 2391 1844 2456 conducerent,

244 2492 507 2554 peccata,
555 2484 801 2554 quamvis
849 2498 955 2538 non
1006 2484 1186 2552 gravia
1215 2523 1230 2548 ,
1278 2483 1331 2538 in
1376 2482 1847 2553 quajuvenilibus

246 2578 547 2643 t-rtesertim
575 2576 731 2631 annis
762 2576 1046 2641 inciderit,
1093 2574 1266 2644 potuit
1295 2575 1543 2630 versibus
1585 2574 1845 2643 expositis

242 2670 378 2725 ﬂere
418 2680 475 2725 et
519 2668 721 2724 dolere.
782 2672 857 2723 Ac
904 2684 1092 2738 reapse
1124 2668 1255 2724 nihil
1304 2670 1355 2723 in
1395 2670 1675 2734 coluisse,
1704 2670 1848 2738 quod

244 2760 565 2815 sceleratam
595 2760 760 2814 vitam
787 2802 801 2825 ,
834 2770 925 2815 aut
967 2763 1280 2831 paganismo
1310 2762 1545 2816 deditam
1567 2802 1582 2829 ,
1619 2763 1762 2831 quod
1796 2763 1847 2816 in

243 2837 431 2905 codice
494 2850 756 2905 Vaticano
806 2850 1077 2922 sequioris
1144 2856 1248 2906 sevi
1300 2852 1495 2922 legitur
1545 2853 1717 2923 possit
1764 2868 1850 2909 ar-

242 2958 408 3012 guere
431 2984 447 3008 ,
498 2952 647 3000 recte
692 2944 965 3014 colligitur
1012 2960 1082 3001 es
1130 2945 1248 3013 ejus
1278 2944 1578 3000 humilitate
1600 2988 1612 3012 ,
1645 2964 1764 3017 qua:
1797 2949 1850 3002 in

242 3034 496 3089 omnibus
521 3037 777 3103 operibus
806 3036 1105 3092 elati-sime
1130 3038 1343 3092 elucet:

308 3144 434 3203 Quid
458 3157 545 3193 nos
566 3143 687 3194 utile
712 3146 830 3195 tanti
858 3148 1017 3207 spatio
1038 3149 1273 3207 temporis
1296 3149 1493 3210 egimus
1509 3150 1533 3199 ?

1658 390 2184 447 PRULEGUMENA.
2910 450 2913 455 ,

230 545 384 594 quant
428 522 557 581 facit
597 537 627 579 a
674 537 735 576 ne
784 529 839 575 et
885 531 1047 588 queo;
1090 512 1369 569 ferendum
1416 508 1465 562 id
1512 516 1686 567 esset,
1722 504 1821 557 nisi
1853 512 1900 562 Λ
1931 501 2107 568 stcph.
2135 500 2353 559 emicat,
2383 498 2635 551 virtutem
2670 493 2938 564 propriam
2963 491 3069 563 30
3092 506 3210 594 esse
3243 490 3537 592 Prudentii,

3439 382 3543 439 598

1941 593 2031 660 qui
2073 592 2123 645 in
2157 590 2261 645 line
2296 588 2480 660 hymni
2513 587 2582 641 de
2614 587 2671 641 S.
2704 584 2947 638 Romano
2987 599 3045 637 se
3076 581 3286 637 bardum
3314 582 3543 651 jungen-

1940 684 2066 737 dum
2106 683 2273 737 hircis
2301 697 2331 733 a
2373 681 2541 735 latere
2568 678 2790 733 sinistro
2827 676 3022 745 judicis
3061 674 3287 728 dicens:
3316 674 3544 744 Longius

1938 779 2102 832 nintia
2150 776 2443 830 humilitate
2489 776 2642 827 etiam
2692 789 2724 827 a
2763 788 2880 826 vero
2912 770 3191 825 mediatore
3218 770 3444 834 secessit,
3478 767 3545 820 de

1938 883 2044 937 quo
2090 882 2189 923 nos
2237 867 2343 921 alio
2396 866 2534 920 loco.
2581 864 2734 919 Nunc
2772 863 2915 918 enim
2948 862 3120 916 solum
3171 860 3399 914 observo
3457 858 3546 911 lli-

1939 978 2087 1016 scnm
2118 969 2174 1016 et
2200 958 2496 1024 Barthium,
2531 958 2619 1027 qui
2651 967 2850 1011 tantam
2878 953 3152 1010 Prudentii
3186 952 3544 1007 humilitatem

1939 1053 2273 1125 agnoscunt,
2308 1068 2415 1107 non
2461 1051 2715 1107 debuisse
2742 1064 2809 1105 ex
2859 1050 2977 1119 ejus
3009 1048 3190 1103 verbis
3220 1046 3427 1102 scelera
3455 1046 3543 1114 jn-

1939 1147 2181 1203 ventutis
2208 1159 2536 1215 exaggerare
2564 1184 2581 1211 ,
2624 1143 2897 1213 simulque
2940 1140 3175 1197 hominis
3222 1137 3545 1194 modestiam

1938 1238 2091 1293 fateri
2123 1239 2226 1311 (a).

2008 1334 2100 1388 41.
2144 1331 2260 1387 Non
2292 1331 2449 1387 video
2499 1332 2587 1400 qui
2622 1330 2739 1383 lucc
2764 1332 3075 1385 colimreant
3109 1346 3120 1380 :
3166 1342 3294 1382 nam
3335 1325 3383 1380 si
3413 1325 3550 1381 Pru-

1939 1426 2156 1480 dentius
2205 1426 2367 1479 nimia
2416 1425 2709 1480 humilitate
2756 1426 2912 1495 longe
2958 1423 3265 1494 processit,
3308 1422 3357 1476 si
3400 1422 3454 1476 in
3484 1420 3545 1475 S.

1940 1516 2235 1571 Laurentio
2260 1558 2273 1581 ,
2325 1519 2431 1571 imo
2479 1515 2678 1585 passim
2727 1516 2778 1568 in
2810 1516 2926 1570 suis
2967 1513 3317 1577 carminibus,
3354 1510 3552 1581 repetit

1939 1607 2155 1674 similia,
2172 1607 2366 1676 quibus
2387 1607 2594 1661 nullum
2620 1607 2744 1661 vita:
2767 1622 2879 1660 sua:
2910 1615 3119 1675 tempus
3142 1604 3346 1659 utiliter
3375 1612 3551 1657 trans-

1941 1708 2118 1752 actutn
2148 1698 2361 1753 videtur
2386 1711 2703 1766 agnoscere,
2736 1696 2870 1750 nihil
2896 1710 3075 1750 causa:
3105 1710 3201 1749 cur
3229 1708 3338 1749 non
3369 1692 3550 1746 omnia

1944 1788 2251 1860 huiusmodi
2307 1788 2452 1844 dicta
2514 1788 2805 1842 humilitati
2856 1787 3217 1843 ascribantur.
3270 1784 3550 1857 Siquidem

1870 1877 1915 1936 Β
1944 1892 2158 1936 constat
2222 1890 2425 1951 quanto
2472 1880 2689 1951 pietatis
2742 1896 2907 1936 sensu
2959 1890 3257 1950 martyrum
3304 1876 3552 1946 sepulcra

1947 1975 2204 2029 inviseret
2236 1972 2332 2043 (ὁ).
2360 1971 2560 2028 Omitto
2589 1981 2680 2025 aut
2705 1971 2883 2027 omnia
2916 1981 3009 2026 aut
3039 1971 3293 2041 pleraque
3314 1969 3553 2024 carmina

1946 2078 2072 2123 ante
2119 2066 2491 2137 praefationem
2545 2066 2676 2121 mihi
2710 2065 2875 2121 rideri
2929 2064 3097 2121 fuisse
3146 2063 3468 2133 composita,
3500 2072 3558 2115 ut

1948 2170 2133 2230 postea
2182 2161 2492 2215 declarabo.
2526 2159 2744 2215 Etenim
2794 2160 2909 2216 sive
2959 2168 3155 2223 antea,
3209 2173 3326 2213 sve
3370 2168 3557 2225 pnsuca

1950 2252 2152 2306 fuerint
2178 2252 2401 2320 scripta,
2428 2253 2662 2306 hominis
2696 2252 2765 2322 pii
2786 2251 3028 2321 justique
3058 2250 3333 2305 humilitas
3362 2264 3424 2303 ex
3453 2247 3560 2300 illis

1948 2346 2201 2400 omnibus
2228 2354 2449 2414 apparet
2494 2342 2588 2413 (ε).
2622 2342 2807 2414 Neque
2835 2342 3010 2398 dicam
3046 2356 3206 2411 quam
3250 2355 3309 2395 se
3338 2340 3560 2393 inferio-

1950 2452 2065 2490 rem
2093 2435 2419 2507 Symmacho
2450 2436 2504 2489 in
2533 2434 2845 2506 eloquentia
2878 2434 3280 2489 existimaverit
3322 2433 3374 2486 in
3424 2448 3561 2494 pra:-

1954 2528 2048 2583 l'at.
2084 2528 2223 2583 lib.t
2271 2546 2283 2580 :
2336 2526 2467 2584 Sum
2512 2528 2667 2595 plane
2697 2526 3039 2592 temerarius,
3076 2533 3184 2581 etc.
3226 2525 3371 2580 Satis
3414 2523 3561 2579 enim

1953 2622 2121 2676 multa
2150 2623 2291 2676 dicta
2324 2630 2448 2675 sunt
2484 2630 2543 2675 ut
2580 2620 2630 2675 id
2673 2620 2815 2691 quod
2856 2618 3002 2674 volui
3033 2617 3340 2682 conﬁciam,
3370 2630 3563 2671 versus

1955 2714 2283 2785 praafationis
2309 2754 2324 2778 ,
2374 2714 2569 2783 quibus
2598 2728 2695 2767 sua
2731 2721 2948 2782 peccata
2984 2711 3186 2766 fatetur
3212 2708 3558 2773 Prudentius,

1953 2808 2073 2877 ejus
2100 2806 2485 2870 humilitatem,
2520 2820 2625 2860 non
2658 2805 2826 2859 vitam
2854 2817 3139 2875 pagauam,
3163 2812 3255 2856 aut
3285 2800 3566 2871 insigniter

1958 2899 2286 2968 improbam,
2321 2912 2566 2966 arguere.
2607 2896 2924 2965 Exemplum
2958 2893 3232 2965 proferam
3260 2908 3326 2948 es
3357 2892 3418 2946 S.
3453 2891 3566 2945 En-

1955 2991 2117 3060 genio
2144 2989 2411 3045 Toletano
2440 2990 2671 3058 praesule
2697 3030 2712 3054 ,
2759 2989 2849 3057 qui
2879 2989 2932 3042 in
2966 2987 3073 3042 ﬁne
3099 2985 3429 3057 precationis
3457 2985 3563 3056 31

1955 3094 2208 3135 coronam
2255 3091 2475 3135 aeterna:
2521 3081 2713 3149 glorise
2752 3095 2811 3134 se
2851 3094 2957 3133 non
3009 3079 3277 3134 meruisse
3324 3076 3564 3133 fatetur:

1960 3170 2219 3226 Modestia
2250 3170 2561 3225 Christianis
2585 3172 2769 3241 priscis
2795 3172 3005 3237 usitata,
3028 3186 3184 3240 quam
3213 3170 3413 3240 aliquot
3442 3168 3569 3222 locis

247 3245 325 3300 Ex
357 3246 657 3301 humum"?
700 3247 750 3301 id
799 3249 998 3301 (“enim
1031 3249 1105 3302 ³η
1130 3249 1348 3317 ῐῖίεευδ;
1396 3254 1515 3320 (ιυῖα
1542 3254 1653 3322 iam
1688 3254 1850 3311 mltos
1881 3246 1927 3307 Ο
1958 3262 2185 3316 inuenies
2228 3276 2277 3315 et
2324 3262 2467 3331 apud
2502 3262 2888 3330 Prudentium,
2943 3265 3019 3315 ait
3064 3261 3315 3315 Barthius
3349 3259 3441 3314 lib.
3476 3275 3567 3324 ιν,

242 3346 435 3392 contra
480 3337 864 3409 Symmachum
914 3340 1243 3409 scripserat,
1278 3354 1332 3397 et
1363 3345 1468 3397 alia
1513 3360 1678 3415 opera
1710 3348 1847 3403 bona

244 3430 470 3494 fecerat,
496 3446 723 3497 nempe:
747 3430 845 3486 lus
869 3434 1017 3488 civile
1040 3434 1185 3488 bonis
1213 3436 1553 3504 reddidimus,
1580 3444 1851 3499 terruimus

243 3534 378 3575 reis.
435 3521 686 3578 Barthius
715 3563 728 3585 ,
784 3523 875 3577 lib.
928 3539 1017 3577 vin
1066 3524 1341 3590 Δῶρι-5.,
1395 3544 1514 3597 cap.
1552 3532 1608 3584 il
1642 3573 1655 3597 ,
1701 3545 1853 3588 notat

246 3611 565 3667 modestiam
610 3628 729 3682 quae
769 3614 821 3667 in
860 3614 1175 3682 praefatione
1216 3616 1489 3673 trochaica
1538 3620 1657 3676 libri
1701 3622 1852 3680 Peri-

316 3844 394 3915 (a)
422 3844 485 3897 Et
516 3842 1009 3925 Barthinsqn'i‘dvm
1044 3843 1148 3925 loc.
1194 3844 1288 3900 cit.
1334 3846 1404 3899 ita
1445 3851 1653 3925 pergit:
1684 3850 1857 3923 Usque

246 3910 384 3971 adeo
408 3916 660 3967 trochwus
710 3910 1191 3968 iste‘Prudentium
1236 3910 1497 3986 auctorem
1542 3910 1857 3986 Flainat,'ul

247 3998 319 4041 tot
345 3987 558 4061 swc‘ulis
594 3994 725 4061 inter
757 3995 828 4038 tot
869 3996 1042 4061 postea
1074 3996 1247 4049 poetas
1277 3985 1537 4061 Christum
1569 3985 1850 4061 professos,

248 4074 397 4111 nemo
430 4057 579 4125 fuerit
625 4058 710 4127 qui
730 4072 856 4130 rum
896 4056 993 4130 hoc
1030 4058 1431 4127 comparabilem
1470 4056 1749 4130 scripserit.
1785 4056 1853 4118 In

252 4129 507 4203 principio
545 4144 597 4181 δι’
627 4144 658 4179 a
689 4127 845 4179 choro
896 4128 1099 4193 piorum
1146 4141 1414 4198 segregat,
1464 4133 1525 4185 ob
1563 4127 1853 4203 juventutis

249 4200 496 4253 nimirum
547 4209 780 4263 peccata,
830 4212 947 4252 cum
985 4214 1223 4265 paganus
1272 4212 1321 4253 et
1371 4203 1515 4257 utiles
1558 4200 1852 4260 militariter

250 4285 552 4340 paganeque
582 4270 786 4321 viveret.

325 4337 401 4410 (ὁ)
435 4342 489 4393 In
517 4337 772 4394 Cassiano
798 4356 812 4393 :

312 4434 506 4496 Stratus
523 4432 655 4496 humi
680 4430 868 4496 tumqu
892 4431 1203 4491 advolvebar,
1230 4446 1378 4496 quem
1403 4448 1546 4486 sacer
1584 4446 1726 4490 ornat

311 4495 493 4557 Mat-lyr
514 4494 672 4542 dicato
696 4494 954 4544 Cassianus
971 4506 1195 4567 corpore.

254 4603 307 4657 In
338 4600 625 4671 Hippolyto
650 4617 663 4653 :

312 4693 431 4743 Haec
451 4692 567 4741 dum
591 4690 746 4740 lustro
768 4690 941 4749 oculis,
963 4699 1017 4741 et
1035 4692 1185 4741 sicubi
1208 4692 1333 4744 forte
1360 4694 1576 4746 latentes

376 4754 561 4805 lterum
579 4755 765 4816 apices,
791 4764 1019 4804 veterum
1039 4768 1128 4816 per
1152 4766 1467 4807 monumenta
1496 4772 1697 4822 sequor.

251 4858 308 4916 ln
342 4861 501 4916 Petro
530 4871 584 4914 et
610 4858 780 4913 Paulo
806 4858 1065 4928 apostolis
1096 4876 1109 4911 :

314 4951 437 5018 llazc
454 4950 681 5018 didiciise
700 4955 776 4998 sst
796 4956 873 5018 est
895 4946 1062 5018 Romae
1087 4950 1175 4999 tibi
1204 4964 1218 4999 :
1244 4958 1295 5001 tu
1319 4951 1514 5003 domum
1538 4966 1792 5018 reversus,

378 5012 523 5062 Diem
549 5010 779 5061 bifestum
797 5013 866 5060 sic
889 5011 1040 5069 colas,
1060 5021 1331 5064 memento.

324 5096 399 5165 (c)
431 5093 489 5149 In
520 5094 730 5163 epilogo
759 5092 1061 5161 Peristeph.
1095 5111 1109 5147 :

313 5186 414 5237 Nos
438 5186 562 5234 citos
585 5186 820 5235 iambicos

377 5249 651 5312 Sacramus,
678 5256 731 5312 et
753 5245 977 5312 rotatiles
996 5247 1257 5312 trochaeos,

377 5310 665 5360 Sanctitatis
688 5309 860 5370 indigi.

378 5371 459 5421 lle
483 5379 686 5432 interno
710 5372 758 5417 in
790 5374 914 5419 atrLo

385 5410 746 5496 ξῖὁῑιεοιθιιιω
773 5410 1019 5496 vasculum
1035 5474 1048 5496 ,
1069 5434 1264 5485 caducis

379 5493 606 5546 Christus
629 5500 762 5556 aptat
784 5492 969 5545 usibus.

258 5605 319 5662 Et
353 5603 544 5659 similia
576 5604 627 5658 in
656 5600 928 5657 Laurea-ii
960 5603 1223 5671 passione,
1260 5606 1311 5660 in
1343 5604 1449 5663 line
1476 5624 1486 5659 :

317 5694 421 5746 Hos
445 5696 592 5747 inter.
618 5705 649 5741 ο
672 5692 846 5742 Christi
870 5692 1045 5754 decus,

378 5757 507 5805 Audi
535 5762 729 5817 poetam
754 5760 850 5801 rust
861 5755 984 5801 icum

380 5815 551 5867 Cordis
573 5815 812 5865 fatentem
835 5818 1036 5864 crimina
1051 5853 1064 5876 ,

378 5880 439 5932 Et
463 5880 585 5930 facta
611 5877 900 5942 prodentem
924 5892 1027 5928 sua.

1961 3369 2080 3421 cap.
2132 3355 2193 3408 ll
2242 3354 2502 3419 Advers,
2548 3355 2637 3422 qui
2675 3354 2827 3423 plura
2858 3353 3097 3408 carmina
3144 3354 3202 3407 S.
3233 3353 3459 3423 Eugenii
3500 3368 3569 3407 eo

1959 3445 2078 3499 loco
2114 3443 2459 3519 emendanda
2510 3444 2768 3515 suscepit.
2805 3444 3006 3499 Versus
3036 3443 3094 3499 S.
3130 3444 3354 3514 Eugeuii
3403 3453 3567 3500 sunt:

2020 3578 2241 3639 Cumque
2264 3590 2493 3639 suprema
2516 3577 2628 3629 dies
2652 3579 2824 3627 mortis
2849 3577 3142 3639 patefecerit
3177 3591 3349 3627 urnam

2022 3639 2248 3690 Concede
2276 3644 2487 3701 veniam,
2512 3644 2593 3690 cui
2616 3640 2744 3691 tollit
2763 3639 2906 3703 culpa
2924 3652 3169 3691 coronam.

2028 3856 2264 3919 Indignus
2289 3868 2517 3920 agnosco,
2538 3865 2589 3908 et
2605 3860 2707 3907 scio
2722 3893 2735 3915 ,

2088 3922 2248 3982 Quem
2273 3920 2494 3968 Christus
2520 3922 2627 3982 ipse
2654 3921 2906 3980 exaudiat,

2088 3981 2187 4031 Sed
2215 3994 2304 4042 per
2331 3981 2559 4041 patronos
2584 3988 2827 4044 martyres

2090 4044 2258 4091 Pbtest
2286 4044 2527 4092 medelam
2555 4047 2810 4105 consequi.

2024 4106 2057 4152 Α
2070 4106 2149 4153 uili
2174 4108 2419 4165 benignus
2444 4106 2731 4167 supplicem.

2086 4167 2259 4216 Christi
2283 4181 2425 4215 reu-u
2466 4166 2783 4215 Prudentium
2812 4181 2823 4215 :

2087 4228 2147 4277 Et
2170 4230 2478 4277 servientem
2502 4232 2693 4289 corpOri

2088 4290 2298 4339 Absolve
2327 4293 2497 4340 vinclis
2515 4291 2703 4340 seculi.

1964 4372 2016 4424 lu
2048 4372 2116 4427 18
2147 4374 2471 4446 Mar-yribus
2506 4391 2515 4426 :

2027 4463 2129 4527 Nos
2148 4466 2229 4526 pio
2245 4464 2385 4523 ﬂetu,
2408 4466 2545 4525 date,
2575 4464 2857 4527 perluamus

2088 4525 2383 4590 litarmornm
2410 4525 2591 4587 sulcos,
2617 4528 2799 4589 quibus
2818 4534 2897 4577 est
2915 4534 3087 4590 Operla

2089 4587 2233 4649 Spes,
2262 4598 2308 4635 ut
2338 4590 2585 4638 absolvam
2606 4587 2994 4640 retinaculorum

2276 4650 2443 4699 Vin'cla
2470 4662 2712 4701 meorum.

1884 4699 1937 4758 1)
1966 4711 2020 4765 lu
2054 4710 2160 4766 line
2191 4711 2470 4767 Fructuosi
2503 4729 2516 4765 :

2027 4781 2152 4844 Olim
2180 4788 2376 4844 tempus
2399 4784 2521 4843 erit,
2547 4792 2727 4833 ruente
2751 4784 2951 4833 mundo.

2090 4843 2209 4892 Cum
2228 4843 2299 4903 te,
2320 4843 2359 4894 Τ
2363 4858 2551 4905 atraco,
2574 4845 2876 4895 Fructuosus
2898 4858 2999 4895 εει-ι

2088 4905 2263 4956 Solvet
2285 4906 2524 4968 supplicio
2548 4916 2731 4969 tegens
2755 4907 2816 4957 ab
2838 4909 2961 4969 igni.

2027 4967 2150 5017 Fers
2171 4967 2452 5029 dignabitur
2474 4976 2526 5018 et
2550 4967 2676 5017 meis
2694 4967 2937 5018 medelam

2090 5028 2373 5095 Tormentis
2393 5032 2534 5095 dare,
2563 5037 2885 5095 prosperante
2906 5030 3120 5095 Christo,

2090 5090 2273 5141 Dulces
2292 5090 2726 5155 hendecasyllabos
2750 5092 3035 5145 revolvens.

1961 5174 2018 5228 In
2052 5175 2158 5229 [ine
2186 5175 2414 5229 Βοωεηί
2440 5190 2456 5229 ;

2021 5244 2216 5311 Vellem
2236 5247 2436 5311 sinister
2460 5248 2591 5295 inter
2613 5246 2864 5311 haedorum
2882 5259 3071 5311 greges

2091 5306 2154 5357 Ut
2175 5321 2282 5357 sum
2308 5308 2521 5369 futurus,
2545 5308 2740 5359 eminus
2760 5306 3109 5371 dignésce‘rer.

1963 5391 2032 5445 Et
2054 5407 2173 5459 quae
2197 5402 2497 5461 sequuntur
2523 5393 2576 5445 in
2605 5391 2924 5463 Hippolyto:

2027 5483 2211 5550 Sieme
2233 5485 2493 5550 gramineo
2510 5488 2855 5533 remanentem
2871 5483 3093 5550 denique
3116 5498 3288 5550 campo

2092 5544 2309 5594 Sedulus
2330 5553 2565 5607 aegrotans
2592 5554 2758 5607 pastor
2774 5558 2918 5595 orem
2946 5544 3155 5599 referas.

1968 5630 2241 5711 Praetereo
2280 5629 2383 5683 alia
2408 5672 2422 5696 ,
2474 5629 2604 5683 etin
2638 5629 2722 5683 his
2746 5628 3048 5686 orationem
3080 5631 3134 5688 in
3166 5631 3273 5690 line
3298 5629 3571 5690 Hamarti-

1965 5715 2139 5769 genite
2164 5714 2179 5752 :

2029 5788 2070 5835 0
2099 5784 2208 5836 Dee
2235 5789 2598 5849 cunctiparens,

1973 5874 2041 5929 de
2067 5892 2168 5944 qua
2198 5876 2334 5934 infra
2366 5876 2540 5946 capite
2572 5879 2633 5933 17
2662 5873 2858 5935 redibit
2887 5890 3088 5933 sermo.
