4504 6410
794 421 896 473 6υὸ

2196 397 2327 456 PiiL’
2340 396 2650 454 DENTIUS.

3961 398 4063 454 σοι

793 531 970 586 brosio
996 538 1078 584 est
1101 533 1436 599 oppugnatus
1456 565 1470 588 ,
1500 536 1590 578 eos
1622 531 1804 575 omnes
1831 516 2064 571 honores
2092 513 2253 568 fui~se
2281 526 2372 568 as»
2399 522 2445 579 Α
2477 513 2594 566 libri
2643 509 3064 568 Cathemerinmn
3109 510 3285 579 potius
3323 511 3571 565 omnibus
3610 512 3865 580 operibus
3890 553 3903 574 ,
3948 529 4066 580 quin

793 635 1054 689 secutum,
1081 624 1173 693 qui
1206 638 1310 675 non
1345 620 1502 673 fuerit
1545 626 1669 669 ante
1717 627 1915 666 annum
1946 611 2045 680 59.1
2073 608 2256 665 consul
2284 621 2370 662 re-

793 718 1092 773 nuntiatus.
1128 714 1500 770 Praefecturam
1534 724 1663 764 vero
1711 706 2084 774 llispuniarum
2135 702 2376 757 Pruden-

797 809 874 862 tio
903 807 1067 861 fuisse
1096 817 1404 861 concessam
1436 816 1541 854 non
1566 799 1840 853 admittam
1862 838 1877 862 ,
1909 796 2011 850 nisi
2040 794 2376 864 Ludewigius

797 897 1054 951 vicariam
1086 892 1322 962 pr.cfecti
1349 891 1696 960 dignitatem,
1720 904 1840 958 qua:
1873 898 2000 944 tunc
2029 887 2081 941 iti
2111 885 2377 952 Hispaniis

797 987 1028 1056 vigebat,
1061 983 1184 1038 velit
1219 967 1460 1051 intelligi.
1489 981 1623 1035 Illud
1657 981 1884 1034 libenter
1913 979 2179 1046 assentiar
2206 973 2378 1030 Lude-

797 1076 978 1143 vvigio,
1005 1076 1253 1132 Viissium
1298 1074 1561 1142 aliosque,
1591 1072 1682 1142 qui
1719 1071 2068 1127 Prudentium
2097 1067 2377 1124 consulem

797 1166 1079 1222 suffectum
1105 1207 1120 1232 ,
1151 1180 1255 1220 non
1285 1163 1618 1219 ordinarium
1641 1203 1656 1226 ,
1683 1163 1791 1234 36
1813 1163 2014 1226 dicunt,
2047 1159 2192 1214 nullo
2223 1157 2378 1215 inniti

798 1257 1167 1312 fundamento.
1204 1257 1260 1309 in
1287 1256 1571 1314 annalibus
1600 1255 1814 1322 quidem
1842 1252 2121 1311 consulum
2151 1265 2256 1306 non
2285 1266 2381 1328 no—

800 1347 1056 1407 tabantur
1099 1362 1294 1404 eorum
1319 1346 1534 1404 nomina
1575 1345 1663 1414 qui
1703 1345 1821 1398 loco
1864 1342 2102 1397 defuncti
2145 1341 2380 1399 consulis

800 1421 1368 1504 sufﬁciebantur,l‘sed
1392 1479 1409 1504 ,
1441 1444 1498 1490 ut
1535 1433 1817 1489 credamus
1845 1433 2077 1503 aliquem
2102 1431 2378 1489 suﬁ‘ectum

801 1531 971 1587 fuisse
997 1531 1271 1585 consulem
1291 1569 1307 1595 ,
1335 1526 1626 1599 probabilis
1656 1527 1792 1581 ratio
1820 1523 2092 1581 alie'renda
2133 1535 2237 1582 est.
2263 1524 2381 1591 Quo

800 1633 979 1679 autem
1008 1638 1150 1677 anno
1179 1621 1500 1678 Prudentius
1529 1621 1752 1676 Romam
1782 1620 2017 1685 venerit,
2039 1629 2093 1673 et
2123 1634 2190 1673 an
2215 1622 2380 1673 semel

802 1725 1042 1779 tantum,
1094 1713 1226 1768 nihil
1267 1711 1438 1769 habeo
1467 1712 1804 1781 exploratum
1832 1752 1846 1776 .
1887 1725 2061 1781 neque
2100 1709 2256 1766 video
2281 1723 2380 1779 qun

799 1805 1006 1859 ratione
1037 1804 1286 1858 Nicolaus
1317 1803 1581 1859 Antonius
1602 1817 1724 1858 eum
1768 1801 1953 1856 Roma
1987 1801 2230 1855 advocati
2268 1817 2381 1855 mu-

799 1910 901 1950 nus
944 1897 1255 1950 exercuisse
1280 1939 1295 1961 ,
1324 1895 1503 1961 ibique
1532 1909 1698 1964 usque
1739 1893 1804 1946 ad
1833 1893 2052 1947 llonnrii
2082 1905 2136 1948 et
2171 1893 2379 1947 Arcadii
2416 1882 2459 1940 Β

801 1989 1100 2060 imperium
1148 1990 1508 2059 permansisse
1561 1987 1986 2050 existimaverit;
2042 1987 2132 2056 qui
2186 1996 2384 2056 pariter

804 2079 1006 2149 colligit
1063 2078 1410 2135 Prudentium
1455 2079 1507 2132 in
1555 2077 1701 2134 Urbe
1741 2091 1885 2131 anno
1925 2075 2031 2131 405
2063 2079 2385 2145 ριιιιεοιιίθιιι

803 2169 965 2223 fuisse
985 2208 1000 2233 ,
1027 2167 1152 2237 quia
1184 2161 1546 2241 praefationem
1575 2181 1640 2221 eo
1669 2181 1811 2220 anno
1840 2165 2108 2230 scribens,
2133 2163 2260 2218 nihil
2290 2163 2384 2218 ad-

802 2259 911 2316 huc
938 2259 1006 2315 de
1031 2260 1271 2314 discessu
1297 2273 1396 2314 suo
1414 2257 1484 2312 ab
1503 2257 1665 2322 Urbe,
1687 2257 1829 2329 quod
1852 2269 2153 2326 opportune
2173 2255 2380 2321 debuit,

803 2351 1132 2420 siibjecerit,
1181 2366 1303 2421 quae
1350 2350 1674 2416 conjectum
1723 2349 1879 2404 valde
1925 2347 2210 2404 imbecilla:
2253 2347 2382 2402 mihi

803 2456 926 2497 esse
962 2442 1230 2497 videntur.
1274 2442 1464 2497 Riicus
1495 2442 1744 2511 opinatur
1792 2441 2142 2499 Prudentium
2190 2443 2388 2496 militia:

805 2535 967 2600 gradu
995 2545 1216 2588 evectum
1245 2534 1408 2590 fuisse
1434 2549 1462 2589 a
1487 2533 1790 2591 Theodosio
1818 2533 1961 2594 inter
1989 2534 2259 2602 p.ilatittos
2288 2531 2386 2585 ad-

807 2624 1176 2690 missionales;
1216 2625 1284 2680 de
1317 2624 1509 2692 quibus
1539 2623 1708 2679 codex
1735 2624 2005 2680 Theodos.
2062 2633 2116 2680 et
2157 2623 2388 2679 Jacobus

805 2714 1075 2769 Gutlterus
1103 2714 1191 2768 lib.
1229 2730 1283 2768 ιιι
1310 2714 1378 2770 de
1405 2713 1606 2769 Ofﬁciis
1628 2714 1819 2769 donius
1850 2723 2110 2780 augusta,
2143 2729 2206 2769 ac
2233 2715 2386 2769 lateri

805 2804 1063 2873 principis
1111 2804 1404 2877 adhaesisse
1445 2819 1593 2858 anno
1623 2804 1726 2860 588
1750 2844 1764 2869 ,
1795 2820 1901 2871 quo
1946 2804 2302 2874 Symmachus
2333 2805 2383 2856 in

809 2897 1064 2968 panegyri
1106 2911 1288 2951 curam
1331 2895 1635 2951 Theodosio
1665 2896 1911 2952 Vielorite
1959 2911 2107 2950 aram
2139 2895 2389 2950 dissimu-

806 2986 980 3041 lanter
1012 2988 1294 3055 postulavit
1320 3028 1336 3053 ,
1384 2995 1437 3042 et
1461 2987 1704 3056 protinus
1729 2988 1900 3043 exsilii
1935 3002 2092 3056 pinna
2135 2987 2386 3040 multatus

807 3087 913 3146 est,
969 3094 1104 3134 nova
1148 3079 1323 3134 edicta
1373 3079 1722 3148 prodierunt,
1772 3081 1964 3149 quibus
2011 3079 2198 3148 religio
2238 3079 2392 3133 Chri-

805 3171 978 3224 stiana
1011 3171 1447 3238 promovebatur,
1470 3181 1524 3225 et
1552 3171 1774 3225 miriﬁca
1801 3172 1994 3227 exinde
2026 3173 2387 3228 Butitanorum

806 3264 1042 3314 omnium
1077 3263 1246 3330 pietas
1275 3271 1460 3318 exerta
1492 3271 1576 3316 est
1599 3301 1614 3325 ,
1647 3261 1715 3317 de
1746 3277 1849 3331 qua
1882 3261 2203 3315 Prudentius
2234 3261 2328 3316 lib.
2377 3278 2390 3316 ι
2419 3249 2467 3314 C

807 3354 1064 3407 adversus
1091 3353 1398 3424 Symmacb.
1432 3395 1449 3418 ,
1479 3351 1690 3407 Talibus
1721 3352 1919 3419 edictis,
1949 3361 2053 3405 etc.
2085 3351 2157 3405 Ea
2188 3352 2390 3420 princi-

809 3446 890 3514 pis
919 3446 1142 3500 consilia
1194 3445 1540 3501 Prudentium
1582 3446 1699 3498 sine
1729 3445 1836 3498 ulla
1871 3443 2204 3499 dubitatioiie
2233 3444 2390 3514 adju-

810 3538 957 3592 visse
981 3537 1174 3594 Riscus
1204 3537 1524 3603 arbitratur,
1567 3552 1630 3592 ac
1662 3538 1888 3607 probare
1914 3551 2015 3592 con
2042 3538 2210 3592 endit.

882 3629 973 3684 54.
1009 3627 1300 3683 Difﬁculter
1330 3630 1445 3683 lure
1486 3642 1605 3683 cum
1637 3630 1744 3682 vita
1793 3629 2228 3696 temporibusque
2257 3626 2392 3682 Pru-

811 3719 978 3774 dentii
1003 3719 1281 3774 cohaerent
1315 3735 1329 3774 :
1384 3734 1505 3772 nam
1549 3719 1594 3773 is
1635 3734 1776 3772 anno
1808 3719 1912 3772 588
1955 3718 2184 3774 habebat
2222 3719 2395 3773 aetatis

809 3828 1004 3868 annum
1031 3812 1100 3867 40
1120 3855 1135 3879 ,
1169 3821 1222 3867 et
1248 3826 1371 3867 cum
1405 3821 1523 3881 post
1547 3811 1785 3881 juvenile
1815 3824 2025 3880 tempus
2056 3827 2116 3866 se
2138 3813 2394 3882 jurecoii-

809 3906 1007 3959 snitum
1038 3903 1233 3973 egisse,
1265 3913 1319 3960 et
1347 3904 1540 3960 deinde
1571 3904 1652 3959 bis
1679 3904 1858 3958 frenos
1893 3903 2148 3958 nobilium
2182 3903 2391 3958 urbium

811 3997 1018 4051 rexisse
1071 4003 1499 4060 commemoret,
1545 3995 1686 4063 quod
1734 3993 1923 4057 addit,
1954 3987 2156 4049 tandem
2200 3996 2396 4048 militia:

811 4089 980 4157 gradu
1009 4124 1026 4151 ,
1057 4086 1270 4140 videtur
1300 4085 1536 4144 indicare
1567 4087 1734 4140 virum
1769 4087 1886 4154 plus
1915 4101 2071 4155 quam
2102 4087 2398 4156 quadrage-

812 4174 1044 4230 narium.‘
1069 4174 1183 4230 Etsi
1207 4185 1385 4230 autem
1414 4175 1513 4229 ista
1541 4175 1653 4230 ﬁeri
1683 4177 1919 4244 potuisse
1948 4176 2186 4239 evincas,
2221 4185 2396 4234 tamen

808 4281 997 4321 revera
1027 4264 1167 4322 facta
1195 4265 1357 4322 fuisse
1383 4280 1488 4321 non
1514 4266 1880 4335 persuadebis.
1910 4265 2098 4321 Simile
2125 4276 2228 4333 est,
2257 4266 2396 4336 quod

813 4357 956 4412 idem
983 4357 1174 4421 tradit,
1208 4356 1556 4412 Prudentium
1584 4372 1726 4411 anno
1753 4358 1879 4422 405,
1913 4371 2035 4411 cum
2067 4372 2126 4411 se
2160 4359 2401 4412 muneri-

813 4447 917 4502 bus
939 4447 1274 4511 abdicasset,
1301 4448 1416 4503 Deo
1443 4455 1751 4502 vacaturum
1779 4448 1831 4502 in
1877 4447 2182 4516 Hispaniain
2213 4463 2395 4503 seces-

814 4542 992 4602 sisse.
1031 4540 1174 4595 unde
1218 4540 1441 4595 Romam
1485 4533 1661 4595 redire
1709 4552 1960 4604 coactus,
2001 4540 2310 4596 Cassianum
2342 4550 2396 4597 et

2472 613 2604 657 tunc
2637 602 2886 667 vulgabat
2912 643 2926 662 .
2959 603 3246 672 congruit,
3274 614 3329 658 ιιι
3359 619 3427 658 ex
3465 603 3712 672 pluribus
3741 612 3871 659 vett.
3903 605 4063 658 codd.

2477 697 2664 766 liquet.
2694 693 2947 762 Quamvis
2990 703 3169 749 autem
3220 697 3289 749 ita
3341 710 3462 751 sese
3505 695 3573 751 ad
3625 710 3777 751 sacra
3824 695 4070 752 carmina

2479 787 2754 859 pangendo
2781 787 2976 841 excitet
3004 803 3019 840 :

2635 899 2780 961 Atqui
2801 897 2895 946 line
2916 897 3010 961 sub
3033 897 3222 961 t.i:imo,

2634 958 2884 1008 Peécatrix
2913 959 3068 1020 anima
3093 958 3346 1020 stultitiam
3367 966 3538 1020 exuat,

2633 1020 2816 1071 Saltem
2839 1033 2959 1070 voce
2984 1019 3142 1069 Deum
3164 1019 3503 1079 concelebret,
3523 1019 3572 1071 ’si
3599 1021 3792 1072 meritis
3814 1021 4007 1083 nequit,

2482 1167 2588 1238 3‘7
2617 1177 2794 1222 tamen
2823 1181 2885 1222 ea
2924 1181 3032 1222 non
3060 1177 3188 1223 sunt
3228 1169 3394 1223 verba
3427 1179 3554 1224 tunc
3583 1184 3778 1223 canere
3810 1169 4077 1236 incipien-

2486 1265 2573 1318 tis.
2603 1259 2693 1314 eed
2720 1257 2986 1329 afﬁgentis
3013 1258 3340 1315 carminibus
3363 1259 3472 1329 jam
3499 1261 3651 1314 factis
3676 1261 4073 1328 pra'fationem,

2483 1363 2604 1420 quin
2634 1348 2903 1404 interdum
2930 1356 3053 1420 post
3080 1349 3382 1404 absolutum
3419 1364 3556 1421 opus
3581 1351 3967 1405 conscribitur.

2556 1442 2647 1497 55.
2698 1439 2882 1511 itaque
2929 1441 3096 1496 libros
3124 1449 3307 1495 contra
3332 1441 3716 1512 Symmachum
3737 1439 3926 1497 Romae
3953 1456 4080 1496 eum

2487 1543 2618 1602 puto
2661 1533 3082 1601 Composuisse:
3134 1531 3322 1587 Romae
3373 1532 3502 1586 item
3552 1533 3812 1602 hymnum
3863 1531 3934 1588 de
3980 1531 4080 1588 SS.

2485 1624 2743 1693 apostolis
2764 1623 2927 1680 Petro
2955 1632 3011 1678 et
3037 1623 3237 1690 Paulo.
3263 1623 3418 1694 cujus
3446 1634 3530 1678 est
3552 1622 3674 1679 ﬁnis
3706 1642 3718 1676 :

2644 1759 2760 1821 Hac
2779 1758 3004 1809 didicisse
3019 1766 3093 1809 sat
3111 1766 3187 1809 est
3212 1757 3378 1821 Roma
3393 1759 3480 1810 tibi
3507 1770 3520 1806 :
3539 1764 3593 1808 tu
3612 1759 3808 1807 domum
3827 1771 4085 1821 reversus,

2701 1820 2844 1871 Diem
2877 1821 3108 1870 bifestum
3131 1822 3202 1870 sic
3223 1820 3374 1878 colas,
3402 1828 3672 1870 memento.

2493 1942 2769 2014 Calagurri
2798 1953 3072 2000 exaratum
3097 1945 3353 2015 hymnum
3386 1943 3486 2000 SS.
3511 1955 3805 2017 m-irtyrum
3836 1946 4089 2001 Ileme’e-

2487 2035 2548 2087 rii
2579 2051 2628 2089 et
2651 2034 2926 2092 Celedonii
2953 2035 3183 2092 innuunt
3201 2051 3391 2094 versus
3423 2055 3435 2090 :

2611 2171 2718 2223 Hoc
2739 2172 2916 2224 bonum
2940 2170 3162 2223 Salvator
3178 2173 3305 2236 ipse,
3324 2187 3422 2237 quo
3447 2172 3680 2236 fruamur,
3712 2174 3965 2236 praestitit,

2485 2309 2538 2352 et
2569 2298 2781 2370 reliqui.
2807 2299 3059 2356 Emerita:
3082 2309 3294 2368 poetam
3328 2310 3571 2354 nostrum
3612 2299 3885 2356 exstitisse
3911 2300 4090 2355 credi-

2488 2390 2680 2458 derim,
2712 2404 2834 2446 cum
2856 2391 2915 2448 S.
2942 2391 3206 2447 Eulaliam
3231 2392 3510 2448 celebrans
3534 2392 3762 2448 cecinit:

2613 2521 2700 2585 Ast
2724 2534 2820 2585 ego
2841 2533 2974 2574 serta
2999 2525 3150 2575 choro
3172 2526 3222 2574 in
3245 2527 3409 2578 medio

2612 2583 2781 2650 [exta—
2797 2585 2948 2635 feram
2969 2588 3097 2650 pede
3115 2587 3368 2650 dactylico,

2615 2645 2764 2707 Vilia,
2804 2645 3036 2708 marcida,
3055 2647 3176 2698 festa
3197 2645 3380 2698 trimeu.

2618 2708 2698 2770 Sic
2723 2714 3010 2759 venerarier
3030 2723 3139 2759 ossa
3168 2708 3308 2770 libet,

2615 2768 2820 2818 OSsibus
2839 2770 2961 2819 altar
2987 2781 3039 2821 et
3060 2768 3358 2835 impositum.

2491 2871 2914 2944 Caesaraugustae
2977 2878 3236 2948 hymnum
3283 2880 3351 2934 de
3398 2880 3464 2935 18
3516 2879 3845 2953 martyribus
3897 2880 4094 2936 factum

2495 2979 2656 3019 nemo
2683 2967 2983 3036 negaverit.
3019 2968 3134 3036 Qua
3161 2969 3229 3025 de
3254 2985 3413 3026 causa
3440 3011 3456 3036 ,
3487 2979 3544 3026 et
3564 2971 3652 3025 ubi
3683 2971 3742 3025 S.
3771 2970 4094 3028 Cassianum

2496 3056 2892 3126 prtedlcaverit,
2925 3061 3039 3130 ipse
3061 3060 3228 3116 refert
3250 3078 3267 3116 :

2711 3171 2848 3237 '1‘u_nc
2870 3186 3042 3224 arcana
3071 3176 3166 3226 mei
3189 3187 3464 3237 percenseo
3486 3181 3657 3225 cuncta
3688 3174 3870 3224 laboris
3900 3191 3911 3225 :

2777 3234 2916 3284 Tunc
2940 3238 3068 3296 quod
3095 3234 3340 3296 petebam,
3367 3237 3492 3292 qttol
3520 3239 3770 3293 timebam.
3797 3249 4056 3286 murmuro
4081 3251 4094 3285 :

2778 3249 2916 3284 tunc
2940 3249 3068 3296 quoa
3082 3249 3340 3346 (petebam,
3367 3249 3492 3309 qtmt
3520 3249 3770 3293 timebam,
3797 3249 4002 3307 murmu‘

2708 3293 2902 3373 Et_post
2925 3305 3063 3373 terga
3115 3311 3277 3373 omnm
3300 3296 3448 3373 dubia
3465 3300 3568 3373 sub
3590 3306 3723 3373 sorte
3753 3298 4002 3362 relictam,

2773 3358 2836 3408 Et
2857 3372 2947 3420 spe
2985 3358 3131 3408 futuri
3158 3361 3282 3408 forte
3307 3367 3563 3409 nutantem
3590 3358 3718 3408 b'oni.

2712 3419 2911 3482 Audior,
2940 3421 3121 3470 L‘rbem
3148 3421 3513 3484 adeoLdextris
3534 3422 3843 3471 successibus
3866 3429 4004 3484 utor,

2773 3481 2980 3532 Domum
3003 3490 3250 3542 revertor,
3278 3481 3566 3533 Cassianum
3584 3483 3807 3544 praedico.

2497 3629 2554 3684 S.
2603 3628 2952 3685 Laurentium
3003 3638 3058 3682 et
3087 3627 3431 3700 llippolytuin
3466 3628 3519 3684 in
3552 3627 3807 3700 Hispania
3829 3673 3844 3696 ,
3885 3640 3943 3685 ut
3970 3641 4097 3688 ante

2498 3723 2730 3780 diximus
2752 3765 2765 3788 ,
2799 3724 3031 3778 laudavit
3061 3724 3160 3793 (a).
3199 3723 3393 3778 Verum
3428 3722 3497 3778 de
3534 3721 3809 3779 Prudentii
3835 3725 4099 3793 operibus

2497 3813 2806 3884 singillatim
2835 3812 3005 3868 fusius
3031 3814 3292 3868 disseram
3321 3828 3441 3882 cap.
3472 3828 3592 3882 seq.

2567 3911 2676 3980 33
2708 3909 2801 3964 56.
2827 3910 3119 3977 Quoauno,
3146 3919 3201 3962 et
3232 3909 3446 3965 ubinam
3469 3909 3685 3977 obierit,
3707 3909 3976 3974 incertum
3995 3919 4099 3966 est.

2501 4002 2607 4057 Sed
2637 4001 2818 4056 nescio
2839 4043 2854 4067 ,
2886 4017 2993 4070 quo
3024 4001 3133 4057 fato
3157 4000 3431 4057 Prudentii
3455 4001 3561 4056 vita
3594 4000 3950 4069 plurimorum
3983 4017 4101 4056 sus-

2502 4095 2807 4164 picionibus
2834 4101 2889 4148 et
2913 4093 3241 4161 conjecturis
3280 4094 3349 4148 ita
3377 4103 3459 4149 est
3510 4094 3778 4163 implicata
3804 4133 3822 4160 ,
3846 4104 3906 4149 ut
3935 4097 4100 4150 etiam

2501 4187 2592 4242 tibi
2627 4185 2757 4241 nihil
2789 4187 3010 4239 omnino
3038 4187 3160 4240 sciri
3189 4197 3279 4241 aut
3301 4186 3515 4243 deﬁniri
3543 4197 3740 4256 potest,
3765 4199 3949 4244 nostra
3979 4204 4103 4243 orno

2503 4277 2578 4330 tio
2607 4277 2904 4334 consistere
2946 4278 3140 4336 debeat
3169 4277 3583 4348 aliquantisper,
3611 4295 3703 4346 ne,
3731 4295 3856 4350 quae
3876 4282 3957 4335 ab
3981 4282 4105 4336 aliis

2503 4367 2874 4438 proferuntur,
2935 4370 3230 4442 probabilia
3283 4387 3404 4427 esse
3451 4383 3506 4428 et
3552 4387 3582 4426 a
3639 4374 3797 4429 nobis
3855 4376 4104 4445 ignorata

2501 4462 2782 4534 quisquam
2815 4465 3106 4519 existimet.
3135 4463 3300 4518 Aiunt
3321 4465 3566 4519 nonnulli
3595 4465 3870 4521 Prudentii
3894 4467 4104 4524 obitum

2501 4555 2790 4621 contigisse
2819 4567 2946 4610 ante
2989 4569 3188 4608 annum
3220 4553 3356 4620 H5,
3405 4570 3513 4626 quo
3547 4554 3734 4612 Stilico
3780 4560 4106 4627 proditionis

817 4631 1161 4702 Hippolytum
1209 4641 1474 4700 martyres
1504 4632 1702 4698 coluit;
1742 4648 1875 4694 quos
1914 4633 2107 4686 iterum
2150 4648 2397 4689 reversus
2424 4624 2478 4686 Ι)
2505 4657 2596 4712 pm:

2323 4648 2397 4689 ius
2424 4624 2478 4686 Ι)
2505 4657 2692 4712 pinnas
2718 4642 2877 4698 subiit
2909 4661 2922 4698 :
2957 4644 3056 4698 nisi
3089 4646 3231 4699 enim
3255 4643 3367 4713 jam
3401 4624 3529 4702 tunc
3553 4624 3880 4703 Prudentius
3911 4649 4102 4705 deces-

818 4725 870 4777 iii
899 4721 1204 4792 Hispaniam
1245 4722 1558 4778 celebravit.
1595 4721 1706 4791 Ego
1734 4723 1982 4776 existimo
2007 4761 2022 4786 ,
2045 4723 2392 4778 Prudentium

818 4828 960 4868 anno
1001 4813 1107 4870 464
1136 4813 1350 4869 circiter
1389 4813 1653 4869 adversus
1690 4811 2071 4882 Symmachum
2094 4814 2394 4884 scripsisse,

819 4919 962 4959 anno
990 4903 1095 4960 405
1136 4921 1233 4960 sua
1261 4906 1501 4960 carmina
1529 4903 1764 4960 edidisse
1798 4921 1812 4958 :
1846 4919 1967 4972 qua:
1999 4904 2249 4958 nimirum
2275 4918 2398 4963 ante

816 4996 1154 5064 diversisque
1201 4996 1528 5066 temporibus
1563 4996 1945 5066 composuerit.
1981 4995 2227 5050 Pratfatio
2251 5005 2394 5054 enim

818 5128 1016 5202 (letifer
1044 5129 1204 5202 etiam
1230 5130 1508 5202 epistolam
1554 5130 1618 5184 Π
1650 5129 1870 5202 Ausonii
1901 5129 1966 5182 ad
1993 5128 2393 5202 Symmachum,

821 5201 908 5254 tibi
935 5201 1208 5254 Ausonius
1234 5217 1253 5272 _:
1288 5201 1565 5272 Quisquam
1606 5217 1670 5255 ne
1694 5202 1767 5254 ita
1795 5201 1952 5266 nitet,
1986 5212 2040 5255 ut
2077 5202 2168 5254 tibi
2195 5219 2401 5272 compa-

822 5281 963 5323 ratus
981 5287 1083 5324 non
1115 5270 1342 5324 sordeat.

896 5340 973 5421 (τι)
1006 5339 1060 5395 In
1094 5340 1522 5421 hymnovero’s:
1559 5339 1823 5421 iiippolyti
1850 5340 2084 5421 notanda
2119 5354 2201 5421 est
2233 5347 2402 5421 pietas

821 5409 961 5465 sacri
993 5409 1186 5480 poetae,
1215 5411 1305 5481 qui
1327 5412 1404 5466 sic
1421 5409 2059 5470 Valerianuin'antistitcm
2083 5415 2399 5484 alloquitur:

885 5545 934 5596 Si
958 5544 1095 5612 bene
1119 5547 1447 5612 commemini,
1473 5547 1587 5612 colit
1611 5547 1736 5599 hunc
1757 5550 2083 5612 pulcherrima
2108 5551 2256 5600 Roma

947 5607 1110 5672 idibus
1123 5606 1328 5672 Augusti
1353 5609 1555 5664 mensis,
1581 5616 1636 5658 ut
1657 5606 1912 5672 ipsa'vocat

887 5667 1054 5740 Prisco
1073 5667 1365 5740 moi-editam
1388 5683 1399 5717 :
1426 5683 1575 5740 quem
1600 5678 1651 5719 te
1675 5667 1891 5740 quoque,
1916 5681 2086 5725 sancte
2120 5677 2370 5740 magis:er,

948 5732 1118 5778 Annua
1145 5730 1266 5780 festa
1290 5732 1419 5779 inter
1439 5730 1756 5782 dinumerare
1776 5730 1944 5784 velim.

886 5790 1062 5860 Crede,
1081 5791 1374 5860 salutigeros
1392 5792 1520 5842 feret
1538 5794 1618 5860 hic
1639 5799 1981 5860 venerantibus
1999 5805 2153 5860 crtus,

951 5853 1092 5902 Lucis
1114 5854 1361 5904 inmorata:
1387 5859 1587 5916 prxtuia
1622 5858 1905 5909 rcstitucus.

2502 4734 2702 4799 sisset,
2735 4734 2917 4790 laudes
2943 4735 3215 4791 Stiliconis
3240 4751 3308 4791 ex
3340 4737 3431 4791 lib.
3467 4753 3505 4792 ιι
3545 4738 3805 4794 adversus
3852 4742 4103 4812 Symma-

2499 4825 2663 4890 clitnn
2689 4841 2848 4880 versu
2878 4826 2983 4882 695
3008 4834 3064 4882 et
3091 4842 3244 4896 seqq.
3274 4845 3285 4880 :
3317 4825 3555 4883 Tentavit
3577 4828 3809 4892 Geticus.
3835 4844 3973 4897 etc.,
4003 4835 4100 4890 de-

2501 4917 2742 4974 levisset.
2774 4919 2909 4986 Quid
2956 4918 3056 4974 hac
3095 4919 3408 4988 conjectura
3447 4920 3749 4995 infirmius?
3777 4922 3944 4990 Quasi
3976 4941 4104 4982 vero

2502 5012 2556 5065 in
2578 5012 2899 5082 scriptorum
2927 5011 3118 5067 fuisset
3147 5021 3414 5080 potestate
3431 5013 3625 5069 librum
3649 5017 3818 5072 semel
3840 5017 4100 5075 emissum

2563 5143 2701 5194 Inter
2716 5147 2966 5196 solemnes
2984 5145 3223 5206 Cvpriani,
3244 5145 3319 5195 vel
3340 5145 3596 5203 Celednni.

2625 5206 2929 5271 Eulaliaeque
2951 5209 3082 5269 dies,
3116 5215 3280 5257 currat
3301 5215 3354 5259 et
3377 5210 3467 5262 iste
3491 5211 3597 5260 tibi.

2505 5289 2561 5368 l_n
2587 5289 2914 5368 Breviarium
2949 5292 3296 5368 lsidorianum
3319 5293 3395 5368 _S.
3432 5295 3759 5368 illippolytus
3795 5299 4096 5368 immissus,

2511 5362 2734 5436 fortasse
2763 5363 3022 5436 originem
3028 5363 3202 5436 trahit
3226 5380 3288 5419 ex
3319 5364 3399 5418 bis
3425 5362 3696 5421 Prtideuiii
3723 5371 3997 5436 precibus.
4026 5362 4098 5429 si

2513 5430 2662 5506 festis
2686 5430 2960 5506 Cypriani,
2981 5433 3081 5490 SS.
3117 5434 3403 5506 Hemeterti
3426 5448 3482 5492 et
3505 5430 3874 5506 Cclcdonii,el
3903 5441 3963 5497 3.
3998 5443 4101 5498 Eu-

2517 5500 2660 5556 la'ia:
2681 5500 3020 5571 aliiargunnt
3042 5504 3373 5577 mentionem
3401 5519 3523 5563 esse
3544 5500 4102 5577 deepiscopoCzsar-

2511 5582 2845 5639 angustano,
2876 5590 2996 5641 quia
3041 5575 3091 5628 lii
3135 5587 3256 5630 sunt
3292 5581 3460 5630 sancti
3508 5580 3676 5632 extmi
3706 5623 3720 5642 .
3763 5575 3838 5634 nti
3889 5597 4010 5638 erat
4039 5585 4096 5642 S.

2515 5643 2860 5720 Hippolytus,
2893 5660 2992 5712 pro
3008 5646 3175 5720 cujus
3213 5645 3347 5720 festo
3376 5649 3597 5714 rogabat
3629 5649 3988 5720 Prudentius;
4013 5656 4098 5710 alii

2511 5711 2717 5795 contra
2746 5711 3204 5795 Calagurritanam
3251 5711 3507 5795 tlimccsin
3552 5735 3849 5795 agnoscunt
3876 5765 3891 5788 .
3946 5711 4099 5795 cujus

2511 5792 2670 5837 erant
2720 5786 2928 5850 patroni
2957 5785 3054 5844 SS.
3105 5787 3442 5846 Ilcmctcrius
3484 5801 3541 5847 et
3581 5785 3900 5852 Cclcduuius
3930 5813 3944 5848 :
3971 5785 4098 5853 mihi

2510 5864 2755 5910 neutrum
2784 5853 2967 5926 liquet.
