4504 6448
213 443 311 498 005

1598 420 2130 476 PllULliGOMENA.
3432 411 3533 462 (0‘:

211 568 461 609 revocare
496 551 595 623 (a).
630 546 794 603 Multo
816 558 945 600 vero
969 540 1140 611 magis
1169 536 1520 607 rejiciendum
1551 541 1631 586 est
1655 530 1798 601 quod
1832 536 1879 590 Α
1978 531 2070 583 58.
2106 528 2348 580 Bivarius
2382 532 2568 577 contra
2601 521 2811 591 regulas
2836 518 3102 589 prosodim
3134 518 3236 570 hoc
3261 517 3378 569 loci»
3403 536 3527 571 ain

209 648 280 698 ait
309 622 513 712 Joseph
540 638 842 707 ﬂrdriguez
864 635 1133 689 deCastro
1162 631 1267 683 loc.
1300 628 1416 693 cit.,
1458 622 1807 678 Prudentium

207 738 274 792 de
303 736 676 805 conjuratione
713 728 991 787 Stiliconis
1034 726 1168 781 nihil
1198 721 1502 785 audivisse,
1538 719 1662 787 quia
1693 715 1811 784 ejus

209 846 312 884 non
346 827 611 884 meminit.
659 826 858 880 Contra
894 831 1042 877 recte
1070 820 1283 873 videtur
1320 813 1564 883 judicare
1588 810 1807 870 'liiscus,

206 925 291 992 qui
322 920 598 977 Prudentii
630 919 855 972 virtutes
881 931 949 970 ex
982 916 1101 979 ejus
1132 909 1385 977 operibus
1408 897 1638 972 colligit,
1663 899 1807 971 quod

208 1028 364 1081 parce
398 1012 588 1080 pieque
617 1009 832 1070 vixerit,
857 1003 1000 1075 quod
1027 1000 1195 1058 semel
1229 1008 1431 1051 tantum
1459 995 1509 1048 in
1543 993 1631 1046 die
1658 1005 1808 1043 man-

203 1106 503 1161 ducaverit.
551 1102 683 1157 Vide
728 1101 844 1167 ejus
895 1098 1126 1166 hymnos
1156 1094 1285 1144 Ante
1314 1088 1503 1153 cibum,
1556 1084 1809 1153 Jejunun-

205 1200 354 1259 tium,
384 1195 629 1264 aliosque
661 1201 773 1247 tum
805 1189 925 1244 libri
946 1185 1395 1245 Cathemerinmu,
1428 1187 1539 1230 tum
1570 1175 1806 1228 Periste-

204 1291 427 1360 phanwn
452 1286 551 1358 (ὁ).

273 1381 364 1436 57.
405 1355 675 1434 Hactenus
706 1370 964 1428 nonnulla
996 1366 1262 1438 explicata
1306 1371 1433 1418 sunt
1457 1373 1576 1430 quae
1604 1355 1808 1427 liquido

204 1479 499 1538 constant,
558 1467 663 1521 alia
709 1479 830 1536 qua:
882 1463 935 1517 in
985 1444 1361 1516 controversia
1418 1461 1544 1508 sunt
1589 1451 1805 1520 posita,

206 1565 356 1631 plura
388 1576 509 1631 qua:
540 1562 592 1613 in
641 1555 991 1626 conjecturis.
1024 1553 1231 1608 cietera
1260 1591 1275 1613 ,
1317 1562 1437 1615 qua:
1475 1553 1628 1600 certo
1682 1551 1809 1597 sunt

205 1658 431 1713 runticta
456 1695 475 1722 ,
497 1666 801 1724 quanquam
828 1651 1004 1705 nntius
1030 1656 1115 1703 est
1136 1644 1501 1701 necessarium
1520 1684 1535 1708 ,
1561 1652 1699 1709 Opus
1722 1649 1806 1691 ta-

205 1766 326 1806 men
349 1758 431 1805 est
454 1748 770 1809 declarare;
803 1760 912 1798 tum
937 1757 1005 1796 ne
1037 1737 1434 1809 quisejusmodi
1468 1732 1807 1790 narrationes

203 1852 294 1897 aut
322 1858 391 1899 ex
417 1841 599 1896 Dextri
629 1837 933 1902 Chronico,
965 1846 1055 1889 aut
1086 1848 1152 1889 ex
1184 1833 1264 1888 eis
1287 1832 1373 1902 qui
1405 1828 1535 1885 illud
1564 1835 1693 1884 sunt
1722 1840 1805 1881 se-

1920 628 2005 674 tus
2029 619 2201 673 videri
2228 616 2414 670 voluit.
2441 614 2697 670 Ultimum
2723 627 2946 679 operum
2967 609 3244 664 Prudentii
3270 608 3346 661 ait
3371 607 3533 663 fuisse

1919 710 2283 773 Enchiridion,
2338 708 2389 760 in
2421 707 2575 775 cujus
2610 705 2926 775 prmiatione
2979 700 3057 773 (l)
3108 704 3413 770 suspicatur
3458 704 3535 757 le-

1914 808 2145 875 gendum
2180 824 2191 856 :
2227 804 2311 858 Mr.
2360 817 2611 858 usranso
2652 816 2703 855 ut
2749 813 2911 854 nino
2952 813 3053 866 pro
3089 796 3176 851 Me
3220 806 3436 865 paterno
3479 799 3533 849 in

1914 901 2069 964 atrio,
2106 914 2213 953 non
2245 897 2455 963 videns,
2484 910 2607 949 cum
2638 902 2853 965 paterno
2883 902 3029 947 recte
3081 892 3375 959 procedere
3402 905 3531 944 car-

1917 1009 2066 1061 men,
2102 1007 2207 1047 non
2234 1006 2362 1046 vero
2392 1004 2515 1043 cum
2542 998 2792 1042 materno.
2821 984 2925 1041 Sed
2960 984 3200 1053 putabat.
3227 984 3297 1036 ita
3330 984 3531 1037 contir—

1915 1084 2071 1145 mari,
2094 1084 2235 1154 quod
2254 1084 2305 1134 in
2324 1080 2517 1135 Christi
2540 1077 2914 1145 matrislempli
2936 1077 3127 1145 angulo
3144 1074 3311 1145 ἄρρην(
3328 1085 3366 1139 t,
3384 1085 3436 1125 nt
3455 1074 3530 1126 ait

1917 1178 2137 1231 Dexter.
2174 1176 2253 1230 Ac
2275 1175 2398 1228 vide
2423 1172 2813 1241 ineptissimam
2839 1168 3364 1238 interpretationem.
3396 1168 3529 1221 Pru—

1914 1267 2202 1322 dentiusse
2218 1265 2359 1319 inter
2380 1277 2503 1315 vasa
2523 1263 2644 1316 vilia
2658 1262 2852 1316 domus
2871 1261 2961 1314 Dei
2985 1274 3301 1324 recensens,
3319 1258 3521 1328 inquit:

2164 1381 2243 1431 lle
2269 1385 2473 1439 paterno
2499 1381 2545 1425 in
2568 1379 2693 1427 atrio

2231 1442 2294 1491 Ut
2317 1440 2593 1489 obsoletum
2621 1440 2927 1489 \asculum...

2227 1505 2458 1563 Sinitque
2484 1508 2625 1563 parte
2651 1505 2696 1549 in
2722 1501 2887 1563 anguli
2914 1510 3139 1550 manere.

2164 1566 2341 1615 Munus
2366 1562 2485 1615 eme
2526 1562 2677 1612 ﬁctile

2227 1623 2411 1678 luimus
2435 1629 2559 1676 intra
2586 1628 2775 1687 regiam
2802 1625 2993 1678 salutis.

1918 1738 2055 1806 Quid
2080 1746 2178 1803 est,
2205 1735 2422 1805 reponit
2452 1733 2720 1798 Bivarius,
2768 1750 2955 1786 munus
2999 1732 3130 1785 inire
3162 1730 3298 1785 intra
3332 1730 3525 1800 reg’mn

1912 1832 2114 1893 salutis,
2139 1830 2240 1883 nisi
2259 1830 2393 1882 intra
2421 1828 2636 1881 domum
2662 1824 2759 1880 Dei
2782 1825 3041 1879 seribere?
3068 1825 3121 1877 iu
3152 1823 3302 1893 cujus
3328 1822 3523 1893 angulo

203 1933 310 1989 cuti
339 1975 354 1999 ,
382 1932 603 2002 adoptet
625 1971 641 1995 ,
696 1927 839 1999 quod
872 1936 1005 1997 puto
1055 1926 1250 1980 fecisse
1298 1920 1721 1978 Chamillardum
1751 1919 1804 1973 in
1842 1914 1884 1971 Β
1913 1942 1967 1979 se
2005 1938 2209 1976 manere
2230 1921 2472 1990 aﬁirmat.
2514 1918 2755 1973 Pertinet
2780 1918 2943 1971 etiam
2975 1916 3042 1970 ad
3076 1930 3174 1970 nos
3202 1914 3345 1985 quod
3376 1914 3523 1968 Dex-

206 2030 354 2083 brevi
409 2037 463 2081 et
512 2042 700 2093 parum
750 2031 999 2079 accurat:
1055 2021 1173 2076 Vita
1227 2020 1542 2085 Prudentii,
1598 2026 1713 2073 tum
1753 2025 1807 2071 ut

204 2135 239 2192 p
255 2129 387 2175 iteat
410 2120 604 2188 quibus
628 2117 971 2184 opinionibus
993 2124 1085 2170 aut
1106 2113 1436 2182 conjecturis
1457 2110 1806 2174 adbmsrrint,

206 2211 315 2282 39
353 2210 447 2280 qni
478 2208 748 2263 similibus
788 2206 1095 2262 lietionibus
1127 2204 1464 2260 inveniendis
1506 2211 1632 2258 sunt
1661 2202 1812 2255 dele-

207 2302 334 2355 ctati
365 2319 381 2351 :
416 2314 538 2353 nam
569 2298 839 2369 qumdam,
884 2306 1142 2368 quantum
1170 2304 1420 2367 poterant
1444 2305 1499 2349 et
1532 2292 1807 2355 sciebant,

206 2391 614 2447 accommodate
652 2391 717 2444 al
764 2404 924 2443 veras
956 2388 1213 2442 historias
1234 2384 1803 2442 comminiscebantur.

207 2487 369 2554 Igitur
394 2483 545 2539 Flav.
573 2482 772 2537 Lucius
794 2482 991 2536 Dex:er
1012 2495 1135 2535 cum
1166 2478 1441 2534 Francisci
1467 2478 1644 2531 Bivar.
1662 2490 1812 2529 com-

208 2578 475 2632 mentario
496 2575 561 2629 ad
589 2590 787 2629 annum
818 2573 1019 2628 Christi
1043 2573 1149 2630 588
1172 2576 1251 2625 sic
1282 2571 1445 2624 habet
1470 2586 1483 2622 :
1511 2567 1691 2621 Floret
1716 2560 1807 2619 Fl.

207 2669 530 2723 Prudentius
558 2678 706 2740 patre
754 2667 1255 2736 Cesaraugustano,
1303 2675 1467 2716 matre
1513 2660 1812 2733 Calagurri-

208 2773 329 2815 tana
355 2771 510 2815 natus
532 2758 708 2827 (Salia
727 2757 961 2827 consule)
981 2758 1403 2827 Caesaraugusta
1434 2755 1639 2809 Nomen
1674 2752 1811 2806 FLA-

208 2869 277 2907 vn
312 2863 475 2923 atque
502 2854 605 2907 alia
632 2854 848 2908 inventa
878 2862 1024 2917 sunt,
1055 2852 1154 2907 nisi
1189 2852 1330 2920 quod
1363 2856 1519 2903 natus
1548 2857 1631 2903 est
1664 2847 1811 2903 Salia

204 2947 430 3001 consule
459 2946 554 3016 (c).
589 2946 717 2999 ltem
741 2947 807 3000 ad
830 2960 1032 2999 annum
1058 2944 1163 2999 588
1191 2961 1203 2998 :
1235 2942 1575 3007 Prudentius,
1612 2940 1811 3005 Toleto,

206 3036 453 3091 Corduba
474 3078 490 3102 ,
519 3053 579 3089 ac
599 3034 1000 3109 Carsaraugusla
1023 3038 1075 3090 in
1108 3035 1368 3103 Hispania
1393 3038 1596 3104 egregie
1630 3034 1815 3103 guber-

206 3131 345 3184 natis
364 3170 380 3193 ,
409 3131 467 3199 ﬁt
488 3130 597 3184 dum
620 3170 635 3195 ,
664 3139 713 3183 et
742 3130 954 3184 habetur
994 3138 1167 3182 orator
1206 3128 1563 3181 celeberrimus
1590 3137 1637 3178 et
1665 3134 1814 3193 poeta

206 3223 480 3289 miriﬁcus.
512 3223 661 3277 Anno
688 3221 795 3277 400
822 3223 949 3291 petit
979 3222 1193 3275 Romam
1227 3220 1331 3291 (ά).
1362 3218 1645 3273 Postremo
1676 3215 1810 3269 Pru-

1918 2030 2002 2073 ter
2026 2021 2091 2071 ad
2124 2030 2323 2070 annum
2352 2015 2459 2069 450
2503 2012 2666 2068 refert
2711 2030 2722 2063 :
2776 2010 2857 2065 Ad
2900 2009 3238 2063 Valerianum
3278 2007 3369 2076 (al.
3421 2006 3525 2060 Vae

1915 2113 2097 2165 lerium
2122 2104 2444 2177 episcopum)
2488 2102 3016 2175 Cmaraugustanum
3052 2100 3228 2155 scribit
3269 2097 3519 2170 Cyrillus.

1918 2203 2042 2256 Vult
2084 2203 2228 2256 enim
2280 2208 2677 2255 commentator
2729 2197 2971 2251 Bivarius
3000 2240 3014 2264 ,
3070 2196 3215 2250 hunc
3255 2208 3379 2249 esse
3424 2193 3526 2245 Va-

1919 2294 2183 2349 lerianum
2214 2291 2511 2346 antistitem
2534 2332 2548 2352 .
2582 2304 2741 2359 quem
2784 2288 2837 2342 in
2878 2288 3167 2359 Hippolyto
3201 2284 3527 2341 Prudentius

1915 2387 2226 2456 alloquitur.
2263 2384 2483 2439 Dubitat
2509 2393 2687 2437 autem
2742 2398 2809 2435 an
2851 2383 2896 2436 is
2928 2382 3043 2450 ipse
3079 2381 3239 2436 fuerit
3287 2379 3529 2434 Valeria-

1918 2494 2019 2532 nns
2048 2477 2212 2531 lconii
2243 2475 2353 2546 40
2383 2475 2600 2543 praesul,
2630 2473 2715 2527 cui
2750 2473 2806 2527 S.
2853 2470 3088 2541 Cyrillus
3128 2471 3526 2526 Alexandrinus

1916 2587 2042 2631 snas
2071 2586 2333 2641 exegeses
2379 2568 2598 2622 dicavit.
2652 2566 2831 2635 Nugas
2888 2572 2941 2619 et
2984 2564 3193 2619 somnia
3248 2564 3363 2618 haec
3410 2578 3529 2617 esse

1916 2664 2114 2731 aliquis
2162 2669 2433 2731 apponet,
2491 2656 2692 2723 fateor;
2743 2654 2839 2710 sed
2898 2654 3002 2710 hoc
3047 2655 3221 2723 ipsum
3282 2653 3527 2708 animad-

1920 2753 2237 2807 vertendum
2273 2750 2391 2819 fuit,
2430 2758 2635 2804 utante
2661 2747 2794 2814 dixi,
2828 2761 2896 2801 ne
2935 2760 3060 2801 vera
3094 2755 3187 2799 ant
3234 2744 3531 2813 probabilia

1919 2860 2039 2899 esse
2070 2844 2210 2897 alius
2239 2842 2510 2910 opinetur.
2550 2839 2625 2893 Ex
2662 2838 2748 2891 his
2791 2836 3165 2905 similibusque
3194 2834 3408 2903 scriptis
3438 2849 3533 2888 no-

1919 2953 1945 2991 s
1974 2952 2031 2989 ro
2058 2934 2235 2988 adhuc
2266 2931 2466 2986 saeculo
2497 2930 2663 2983 vitam
2698 2926 2975 2983 Prudentii
3016 2925 3243 2981 Carolus
3271 2926 3527 2994 Augusti-

1920 3049 2021 3087 nus
2050 3029 2320 3086 Ansaldus
2363 3027 2419 3080 in
2470 3025 2677 3095 puniat.
2727 3024 2965 3079 version.
3000 3021 3167 3076 Italic.
3202 3020 3393 3075 libror.
3429 3019 3528 3073 ad-

1923 3138 2112 3179 versus
2151 3119 2467 3191 Symmach.
2520 3117 2759 3185 digessit,
2803 3115 2915 3183 qui,
2970 3124 3251 3182 postquam
3301 3112 3535 3165 asseruit

1923 3216 2154 3285 primum
2185 3211 2411 3281 gradum
2443 3216 2563 3277 post
2613 3207 2996 3273 imperatorem
3044 3204 3099 3257 in
3150 3202 3391 3258 exercitu
3443 3202 3536 3256 Ita-

205 3313 378 3368 dentii
403 3314 610 3368 obitum
642 3313 1043 3368 commentitins
1066 3312 1271 3367 Dexter
1288 3318 1505 3365 enarrat
1522 3309 1587 3362 ad
1612 3322 1812 3361 annum
1844 3297 1889 3359 C
1926 3306 2130 3369 huisse,
2166 3304 2247 3356 bis
2277 3311 2560 3366 praetorem
2589 3298 2780 3362 fuisse,
2818 3296 2967 3351 addit
3005 3312 3129 3352 eum
3170 3311 3315 3350 anno
3357 3296 3536 3350 artatis

204 3406 312 3461 ωλι
344 3424 357 3461 :
393 3404 712 3461 Prudentius
757 3406 922 3461 Roma
972 3406 1421 3477 Ctesaraugustam
1471 3403 1695 3466 rediens,
1744 3402 1813 3453 ad

204 3514 227 3551 ε
260 3500 379 3551 dem
430 3496 953 3569 Ccesaraugustanam
984 3497 1045 3555 S.
1083 3497 1270 3551 Maria:
1298 3498 1483 3568 plenus
1513 3496 1733 3558 dierum,
1766 3502 1815 3546 et

204 3591 242 3643 il
268 3591 495 3644 ustrium
525 3607 739 3658 aperum
766 3632 780 3657 ,
811 3600 926 3662 post
972 3590 1165 3644 multas
1207 3605 1408 3661 pugnas
1437 3604 1551 3641 cum
1581 3585 1817 3640 omnibus

206 3683 461 3736 lurreticis
486 3684 566 3737 sui
598 3686 844 3751 temporis
881 3682 1084 3735 habitas
1108 3724 1124 3749 ,
1158 3680 1437 3751 tranquilla
1468 3681 1685 3734 moritur
1716 3680 1811 3748 (ε).

205 3776 494 3846 Templum
526 3776 585 3830 Β.
619 3774 856 3845 Virginis
883 3777 945 3829 de
969 3774 1224 3830 Columna
1252 3773 1509 3829 innuitur.

276 3894 354 3965 (ιι)
388 3892 506 3948 Non
536 3892 605 3965 ita
630 3891 884 3947 credebat
906 3892 1179 3961 Horatius,
1206 3896 1319 3965 qui,
1349 3893 1506 3965 epist.
1532 3894 1623 3953 20.
1655 3891 1749 3946 lib.
1780 3905 1819 3956 ι,

207 3964 239 4020 li
266 3963 294 4021 s
321 3963 506 4020 verbis
538 3963 732 4017 librum
762 3979 916 4018 suum
940 3963 1233 4035 alloquitur
1261 3984 1273 4018 :

264 4125 624 4183 Vertumnum,
651 4120 945 4182 Ianumque,
967 4122 1121 4183 liber,
1140 4130 1366 4185 spectare
1392 4123 1574 4173 videris
1602 4138 1613 4173 :

265 4186 551 4248 Scilii-etut
580 4192 774 4245 prestes
796 4185 1044 4248 Sosiorum
1070 4187 1267 4248 pumii-e
1290 4186 1519 4245 mundus,

265 4249 429 4299 Odisti
456 4245 717 4310 tlaves,_rt
742 4256 881 4308 grata
916 4245 1300 4310 sigilla‘pudico,

269 4312 453 4360 l’aucis
474 4308 668 4358 ostendi
690 4310 871 4372 gemis.
900 4314 954 4357 et
974 4308 1246 4372 communia
1285 4310 1472 4372 laudas,

266 4374 375 4422 Non
402 4374 469 4420 ita
490 4374 702 4419 nutritus
724 4386 736 4417 :
769 4370 888 4434 fuge
908 4383 1006 4431 quo
1028 4371 1291 4423 discedere
1312 4370 1470 4434 gestis
1493 4386 1507 4421 :

262 4436 375 4485 Non
403 4446 452 4484 et
467 4434 505 4482 lt
528 4433 706 4482 emisso
723 4432 914 4482 reditus
936 4434 1043 4482 tibi.

273 4577 736 4653 (b)Non_tamen
790 4579 994 4653 idcirco
1038 4591 1260 4637 sanctus
1310 4591 1392 4637 est
1439 4582 1811 4653 appellandus.

202 4648 485 4721 Antonius
518 4648 875 4721 Baymundns
921 4652 1147 4721 Pasqnal
1173 4694 1187 4715 ,
1223 4654 1429 4707 ordinis
1455 4648 1685 4709 tii'sterc.
1710 4695 1725 4720 ,
1762 4655 1814 4708 in

1922 3398 1990 3452 48
2017 3395 2220 3451 militiae
2260 3393 2492 3460 fessum,
2556 3391 2775 3444 domum
2827 3388 3055 3444 rediisse
3085 3431 3098 3455 ,
3150 3404 3294 3444 anno
3322 3388 3393 3443 50
3428 3403 3537 3445 cte-

1924 3491 2070 3558 pisse
2122 3500 2313 3541 versus
2359 3498 2732 3552 componere,
2776 3496 2921 3536 anno
2946 3480 3147 3536 Christi
3184 3482 3290 3537 804
3340 3482 3534 3536 librum

1924 3579 2353 3643 Cathemerinc'on
2396 3576 2712 3645 evnlgasse,
2767 3584 2956 3628 contra
3002 3572 3388 3644 Symmachum
3436 3573 3539 3628 sub

1928 3673 2077 3727 initia
2115 3668 2330 3736 imperii
2383 3668 2605 3724 Honorii
2647 3678 2703 3722 et
2747 3666 2963 3722 Arcadii
3009 3666 3144 3721 duos
3185 3668 3423 3723 edidisse
3475 3668 3539 3720 li-

1928 3764 2082 3819 bros.
2136 3761 2317 3830 Fingit
2366 3770 2627 3830 praeterea
2671 3773 2814 3813 anno
2852 3758 2922 3815 60
2957 3758 3131 3814 astatis
3178 3759 3405 3814 Romam
3447 3776 3537 3815 re-

1930 3880 2439 3933 d’éclaircissemenls
2484 3878 2517 3930 ὰ
2559 3876 2804 3931 ΓΙιῖειοέτε
2847 3879 2912 3931 de
2939 3878 2989 3931 Ia
3039 3877 3207 3930 sainte
3260 3878 3425 3932 larme
3473 3878 3539 3931 de

1940 3951 2217 4011 Venddme,
2245 3949 2330 4003 ubi
2365 3955 2440 4002 ait
2467 3966 2479 4001 :
2514 3947 2585 4001 Le
2611 3950 2749 4001 saint
2769 3952 2915 4017 poéte
2944 3948 3235 4001 Prudence.
3269 3948 3365 4002 Hic
3391 3960 3539 4001 certe

1930 4025 2083 4077 locus
2136 4020 2423 4075 Mabillonii
2456 4021 2746 4091 Antonium
2778 4019 3154 4091 liaymnndum
3185 4017 3411 4091 Pasqual
3443 4022 3537 4072 de-

1930 4102 2093 4161 cepit.
2129 4092 2356 4147 Possent
2406 4091 2520 4144 haec
2563 4090 2745 4161 aliquo
2776 4101 2933 4156 pacto
2964 4090 3221 4143 sustineri
3246 4104 3311 4161 ex
3342 4104 3533 4161 eorum

1932 4159 2199 4219 Sententia
2224 4164 2311 4232 qui
2334 4162 2682 4215 Prudentium
2706 4159 2849 4214 hunc
2872 4170 3082 4227 poetam
3102 4159 3349 4214 eumdem
3373 4160 3538 4214 fuisse

1930 4238 2120 4289 Volunt
2145 4249 2265 4288 cum
2290 4234 2349 4290 S.
2371 4232 2660 4287 Prudentia
2678 4232 2909 4298 prteSuIe
2934 4232 3339 4295 Turiasonensi,
3366 4248 3535 4303 quam

1930 4306 2120 4361 falsam
2152 4320 2271 4359 esse
2301 4313 2427 4358 ante
2449 4305 2634 4358 monui
2666 4318 2816 4356 num.
2845 4304 2937 4359 45.

2003 4379 2077 4448 (c)
2105 4376 2349 4430 Bivarius
2392 4377 2444 4428 in
2489 4374 2799 4448 comment.
2844 4375 2920 4428 ait
2962 4380 3112 4448 recte
3166 4388 3193 4425 a
3245 4372 3539 4448 Prudentio

1928 4444 2394 4516 Caesaraugustam
2442 4455 2497 4499 et
2525 4445 2856 4514 Calagurrim
2888 4446 3068 4500 vocari
3121 4460 3271 4498 suam
3318 4460 3382 4498 ex
3421 4444 3538 4516 hoc

1929 4520 2049 4574 loco
2078 4515 2287 4584 Dextri,
2313 4519 2677 4572 Tarraconem
2720 4531 2873 4585 vero,
2911 4517 3033 4586 quia
3058 4516 3175 4585 ejus
3222 4516 3318 4570 fuit
3344 4515 3538 4585 guber-

1926 4601 2101 4645 llﬂlﬂl’.

1997 4664 2081 4730 (ά)
2115 4661 2357 4717 Bivarius
2383 4662 2436 4715 in
2475 4659 2785 4715 Comment.
2827 4660 2967 4720 hanc
3011 4659 3282 4713 ﬁctionem
3331 4660 3535 4711 conlir-

202 4738 411 4800 "Ferci
450 4717 791 4800 Ῑ¹¹³¹⁸ίνα⁶ί9η
821 4723 876 4800 ρι
897 4717 1190 4800 Ρφῖῑᾷἒίο-ἳο
1218 4726 1453 4800 (word?
1478 4742 1538 4778 8“
1568 4717 1818 4800 ΙεεΙξέτε-
1847 4727 1898 4784 Ι)
1929 4717 2081 4787 mare
2101 4734 2219 4787 vult
2248 4748 2320 4787 ex
2359 4733 2567 4800 prmfat.
2596 4730 2916 4796 mrminum,
2942 4717 2998 4784 et
3027 4730 3405 4799 corrigendum
3439 4746 3535 4794 pu-

207 4793 415 4859 (estial,
449 4806 547 4844 con
583 4793 989 4864 queaistinguio
1023 4794 1195 4848 Maria
1215 4797 1539 4849 sanctissima
1562 4799 1615 4849 al
1650 4796 1717 4852 P.
1752 4796 1814 4851 S.

204 4865 513 4944 (ﬁrmarat)1
526 4872 637 4944 μεζ
814 4861 1092 4944 Ιαόρςἰιια
1120 4868 1186 4944 de
1216 4865 1301 4944 D._
1320 4864 1535 4944 lgnacio
1579 4869 1747 4944 Sarra
1778 4886 1818 4944 _y

205 4938 376 5003 Frau,
406 4934 551 4989 i782
578 4971 594 4997 ,
626 4934 761 4987 in-8.
781 4975 797 4996 ,
828 4943 887 4987 ut
907 4935 1102 5004 opinor
1136 4939 1186 4989 in
1224 4934 1367 4991 urbe
1388 4938 1569 4991 Palma
1604 4934 1819 5005 Majori—

202 5022 313 5070 c.e,
345 5020 473 5077 pag.
511 5007 651 5077 ιιι,
675 5020 918 5077 _pr0pos.
951 5009 986 5058 2
1010 5046 1026 5069 ,
1058 5022 1246 5062 versus
1285 5023 1352 5062 ex
1383 5009 1646 5063 Cassiano
1677 5011 1815 5063 Pru-

204 5075 376 5133 dentii
411 5077 557 5144 apud
590 5075 953 5130 Mabillonium
983 5079 1224 5147 allegans
1250 5120 1265 5141 ,
1296 5092 1526 5134 sanctum
1579 5081 1819 5135 Pruden-

204 5154 337 5203 tium
390 5157 585 5214 aperte
614 5156 788 5199 vocat.
844 5149 895 5201 In
940 5150 1389 5215 Ephemeridibns
1422 5153 1679 5207 Romanis
1724 5155 1817 5207 de-

202 5220 450 5275 cembris
478 5216 515 5270 2
545 5218 668 5271 anni
706 5216 844 5273 Πδϐ
875 5219 1108 5284 excidit,
1154 5230 1212 5274 ut
1242 5222 1565 5279 Prudentius
1596 5234 1816 5279 sanctus

205 5291 625 5368 appellaretur,-
662 5287 788 5368 dum
841 5290 1193 5368 annuntiatnr
1232 5296 1552 5360 opusculum
1610 5311 1813 5361 meum,

206 5357 523 5439 {lampadia
554 5357 842 5439 llispanica
867 5403 880 5426 ,
995 5376 1103 5439 quo
1128 5357 1282 5439 certe
1318 5380 1591 5439 nunquam
1619 5367 1662 5419 is
1696 5357 1819 5439 titu}

205 5430 291 5489 lus
332 5430 637 5487 Prudentia
664 5440 851 5485 nostro
878 5433 1171 5503 attingitur.
1216 5433 1272 5487 In
1319 5430 1542 5491 mssiad
1571 5452 1719 5491 num.
1751 5438 1819 5492 96

202 5509 373 5560 semet
411 5512 623 5576 tantttm
665 5517 819 5576 eam
855 5517 1047 5559 llOutell
1083 5504 1377 5561 Prudenzio
1401 5508 1708 5576 appositum
1739 5510 1819 5563 in-

204 5576 425 5647 dicatur
449 5572 618 5647 ,‘_uti_
643 5571 1045 5647 etialn‘sanctus
1094 5577 1292 5631 dicitur
1320 5593 1348 5630 a
1382 5571 1617 5647 quodam
1652 5581 1819 5636 inter-

205 5660 358 5719 prete
387 5642 579 5719 Italico
608 5642 789 5713 hymni
812 5644 872 5719 β.
898 5644 1139 5701 Cassiani
1164 5664 1312 5703 num.
1343 5642 1468 5719 ίὲι,
1498 5660 1552 5704 et
1580 5665 1607 5703 a
1640 5651 1701 5705 P.
1731 5652 1819 5706 Li-

202 5712 358 5771 berio
396 5730 429 5769 ε
459 5712 588 5787 Jesu
631 5712 760 5787 toto.
806 5715 827 5787 l
872 5731 940 5771 ex
984 5719 1317 5786 posthumis,
1352 5712 1465 5775 ευιὶ
1490 5722 1617 5785 755,
1648 5732 1724 5787 et,
1758 5737 1813 5778 ut

203 5790 445 5851 Videtur,
482 5799 513 5836 ο
543 5783 854 5841 Mabillonio
884 5790 936 5841 in
969 5783 1168 5856 opere:
1202 5790 1475 5847 Memoires
1497 5783 1630 5863 pour
1654 5783 1817 5849 servir

274 5884 358 5957 (1)
390 5882 565 5957 idest
599 5882 652 5935 in
680 5881 782 5936 ode
811 5879 1235 5957 lmmoMIatDeo,
1266 5901 1387 5957 qua;
1429 5886 1483 5939 in
1533 5887 1631 5940 hac
1676 5889 1811 5943 Are-

199 5953 306 6015 vali
334 5953 579 6014 editione
607 5962 940 6022 praenotatur
963 5953 1169 6028 Epilogi
1195 5958 1347 6013 titulo
1370 5956 1670 6029 legiturque
1690 5975 1810 6030 pag.

1928 4814 2024 4866 tat,
2043 4803 2145 4858 Ter
2166 4806 2335 4873 legum
2362 4802 2713 4856 moderamine
2736 4818 2830 4868 pro
2848 4801 2939 4855 Bis
2961 4802 3130 4872 legum
3155 4800 3536 4873 moderamine;

1924 4876 2174 4931 similiter
2205 4879 2255 4927 in
2293 4876 2495 4929 Dextro
2523 4889 2724 4928 excuso
2747 4873 3177 4941 Caesaraugusta:
3207 4872 3489 4940 legendum
3522 4888 3533 4923 :

1924 4948 2073 5000 Anno
2102 4948 2172 5002 40
2200 4946 2420 5012 (nempe
2464 4942 2667 5015 astatis),
2707 4945 2829 5015 petit
2868 4944 3107 5015 Romam.
3153 4943 3350 4997 Scribit
3392 4944 3536 4997 enim

1927 5017 2129 5072 Dexter
2157 5019 2223 5071 ad
2254 5032 2453 5069 annum
2484 5016 2612 5070 396.
2646 5014 2966 5070 Prudentius
3009 5014 3203 5085 lyricus
3238 5024 3389 5079 poeta
3431 5015 3541 5068 Ca:-

1924 5099 2331 5159 sarauguslanus
2357 5086 2539 5141 Roma:
2564 5087 2760 5159 scribit.
2804 5086 2955 5153 Quod
2998 5084 3416 5159 idemDirarius
3443 5100 3540 5159 cx-

1930 5156 2096 5224 plicat
2125 5160 2193 5214 de
2244 5160 2378 5212 libro
2431 5158 2873 5229 Psyi-homachim
2906 5176 2918 5210 :
2948 5159 3100 5225 quasi
3150 5156 3237 5211 hic
3274 5156 3413 5229 liber
3461 5158 3541 5226 lg-

1920 5232 2032 5283 rico
2061 5232 2288 5284 carmine
2310 5231 2379 5284 sit
2405 5227 2736 5295 cmnpositus
2765 5246 2776 5279 :
2814 5245 2937 5283 nam
2975 5228 3142 5282 libros
3167 5238 3354 5281 contra
3383 5227 3542 5297 Sym-

1925 5302 2180 5355 machum
2214 5312 2395 5356 tuetur
2425 5306 2656 5367 scriptos
2679 5315 2825 5355 anno
2854 5302 2961 5355 407
2995 5310 3113 5363 post
3144 5298 3427 5352 victoriam
3474 5300 3542 5352 de

1928 5373 2233 5442 ltadagaiso
2276 5372 2534 5439 Getisque
2565 5371 2787 5425 relatam
2823 5387 2967 5425 anno
2991 5370 3121 5435 406,
3158 5368 3391 5442 Arcadio
3414 5384 3465 5421 vi
3491 5381 3545 5442 et

1934 5440 2114 5498 Probo
2144 5458 2311 5508 coss.,
2356 5452 2411 5497 ut
2447 5443 2670 5511 exponit
2717 5446 2767 5495 in
2814 5442 3120 5495 Comment.
3153 5440 3220 5493 ad
3276 5455 3364 5493 an.
3412 5441 3539 5495 M7.

2005 5515 2084 5583 (ε)
2129 5517 2509 5569 Commentum
2563 5512 3001 5568 Pseudo-Juliani
3056 5511 3537 5583 archipresbyteri,

1933 5579 2076 5654 quod
2114 5584 2441 5641 Prudentius
2485 5584 2777 5653 episcopus
2821 5579 3338 5654 Cassaraugustanus
3385 5579 3541 5636 fuerit

1928 5653 1997 5709 ab
2021 5672 2165 5711 anno
2196 5655 2303 5713 410
2324 5658 2391 5710 ad
2421 5670 2626 5710 annum
2659 5654 2789 5719 421,
2818 5654 2937 5709 l'use
2977 5654 3173 5708 neletlit
3202 5653 3322 5709 Nic.
3370 5658 3542 5705 Anto-

1928 5742 2053 5782 lt‘llS
2084 5729 2136 5782 in
2172 5728 2309 5782 Bibl.
2342 5736 2452 5781 vi-t.
2493 5727 2643 5797 llisp.
2682 5727 2833 5782 Alias
2868 5724 3105 5797 ineptias
3141 5724 3290 5796 leges
3320 5724 3373 5777 in
3407 5737 3537 5777 mss.

1925 5799 2248 5867 quibusdam
2280 5798 2479 5865 Vatic.,
2515 5813 2635 5867 cap.
2668 5799 2723 5853 4.

1922 5889 2083 5955 1225,
2120 5890 2172 5943 ἰιι
2206 5890 2484 5945 nonnullis
2515 5900 2694 5945 autem
2729 5888 3092 5944 Dittocbtenm
3134 5889 3249 5943 sive
3295 5884 3541 5942 Encbiri-

1928 5964 2055 6017 dion
2088 5963 2140 6017 in
2172 5960 2508 6031 pratlationis
2537 5963 2709 6017 vicem
2746 5960 3023 6032 prtccedit.
3052 5960 3206 6016 Eutr.
