4322 6414
212 416 319 470 613

1618 401 2161 459 PROLEGOMENA.

3452 414 3556 464 δα

212 531 393 587 omnia
414 531 500 585 illa
531 530 917 600 epigrammata
949 534 1177 596 quatuor
1210 523 1460 578 versibus
1492 519 1827 574 concludun-
1858 520 1901 575 Α
1934 517 2159 585 qualibet
2192 534 2399 588 g-‘nere,
2442 519 2621 571 ordine
2659 518 2949 583 hominum,
2985 520 3334 591 dignitatum,
3386 524 3460 573 iet
3502 526 3553 575 in

215 634 304 678 tur
332 624 485 694 quasi
516 622 638 677 data
698 636 883 691 opera.
936 634 1109 687 neque
1135 618 1275 671 ullus
1307 631 1374 670 ex
1425 615 1505 669 eis
1556 626 1743 667 versus
1776 611 1828 664 in

215 724 330 768 toto
355 715 565 783 reliquo
591 729 755 783 opere
783 710 1060 767 Prudentii
1101 710 1314 779 integer
1339 714 1593 775 apparet,
1618 719 1739 759 cum
1765 704 1833 757 de

218 806 380 859 rebus
413 803 603 858 iisdem
636 816 782 869 saepe
808 813 1117 855 sermonem
1142 798 1359 853 habeat.
1388 795 1636 850 Similius
1674 794 1833 862 igitur

219 909 353 949 vero
391 905 473 949 est
505 892 861 949 Prudentium
902 903 993 944 aut
1024 906 1083 945 ea
1124 886 1440 944 tetrasticha
1470 885 1538 940 ad
1582 885 1830 955 explica-

218 988 775 1055 tionem‘picturarum
810 984 863 1036 in
893 982 1105 1052 templis
1131 980 1437 1047 ordinasse,
1462 989 1521 1033 ut
1559 977 1723 1032 modo
1752 976 1833 1031 di-

215 1078 429 1142 cebam,
477 1085 573 1131 aut
617 1076 942 1145 insigniores
993 1073 1287 1142 Scripturre
1341 1071 1489 1125 locos
1538 1071 1589 1125 in
1638 1069 1832 1124 breves

218 1170 405 1223 titulos
430 1178 485 1223 et
504 1167 678 1236 capita
703 1166 998 1237 redegisse,
1033 1174 1089 1219 ut
1112 1180 1249 1234 opus
1270 1179 1297 1216 a
1320 1167 1534 1217 caeteris
1560 1163 1831 1215 diversum

220 1262 543 1325 conficeret,
576 1263 626 1313 in
674 1274 782 1329 quo
810 1262 891 1314 sui
944 1258 1142 1326 ubique
1192 1256 1385 1312 similis
1443 1255 1633 1310 iisdem
1687 1270 1833 1323 saepe

218 1353 512 1424 pbrasibus
540 1352 731 1418 utitur,
763 1352 905 1420 quod
932 1351 987 1403 ln
1018 1350 1425 1403 commentariis
1467 1348 1679 1417 planius
1714 1362 1833 1415 per-

216 1446 481 1517 spicietur
520 1443 623 1516 (a).

280 1537 382 1591 68.
423 1535 579 1603 Quod
618 1534 663 1589 si
692 1532 859 1599 velis,
896 1530 1257 1587 Dittochmum
1287 1531 1357 1585 ab
1384 1529 1566 1600 aliquo
1598 1528 1831 1597 primum

214 1630 541 1694 Armeniam,
574 1642 670 1683 seu
701 1629 914 1680 Amastra
946 1625 1227 1679 Prndentii
1269 1623 1435 1678 fuisse
1476 1622 1794 1689 inscriptum
1816 1662 1831 1687 ,

216 1739 293 1778 ex
320 1738 429 1793 quo
454 1722 597 1776 alius
626 1720 813 1776 fecerit
841 1720 1084 1771 Ammnus
1114 1715 1456 1782 Prudentius,
1492 1715 1635 1768 alius
1663 1714 1833 1766 Amoe-

219 1832 319 1867 nus
360 1813 680 1882 simpliciter
723 1811 1122 1873 nominaverit,
1178 1824 1285 1862 non
1331 1806 1566 1861 absurde
1612 1805 1832 1875 quidem

1938 618 2187 678 potestate
2218 611 2434 675 pasitus,
2489 610 2564 662 vel
2610 609 2805 661 honore
2835 608 3169 679 perfunctus,
3219 610 3328 662 siue
3373 620 3554 678 potem

1938 711 2073 755 sorte
2113 702 2393 765 nascendi,
2437 717 2526 754 seu
2566 699 2775 753 Immitis
2817 698 3029 769 genere,
3066 700 3397 761 condicione,
3441 701 3550 773 for.

1938 804 2108 847 tuna:
2154 794 2208 846 in
2253 794 2400 846 nullo
2450 794 2649 862 penitus
2704 793 2847 855 loco,
2902 794 2953 844 in
3002 790 3151 844 nulla
3203 792 3348 855 urbe,
3398 808 3553 844 sensu

1938 884 2227 939 carentibus
2257 884 2571 950 simulacris,
2618 885 2697 936 vel
2744 885 2997 937 insontem
3041 884 3299 937 victimant
3331 886 3558 937 caedat:

1938 973 2017 1027 vel
2047 975 2319 1029 secretiore
2346 976 2577 1045 piacula,
2624 975 2787 1028 larem
2826 974 2997 1045 ignem
3038 991 3124 1029 ero
3164 975 3371 1044 genium
3408 976 3553 1046 (leg.

1939 1064 2100 1118 larem
2133 1066 2270 1135 igne,
2308 1080 2450 1118 mero
2486 1065 2741 1136 genium),
2788 1075 2999 1134 penates
3034 1065 3227 1118 'nidore
3265 1076 3558 1133 veneratus,

1938 1157 2186 1213 accendat
2215 1158 2436 1223 lumina,
2472 1157 2685 1227 inponat
2729 1164 2881 1223 tura,
2919 1167 3056 1210 serta
3088 1159 3402 1228 suspendat,
3446 1169 3555 1211 etc.

1942 1249 2075 1303 Vide
2108 1248 2201 1302 lib.
2234 1265 2323 1302 xvr
2360 1248 2485 1303 cod.
2512 1249 2753 1313 Theod.,
2788 1249 2869 1303 tit.
2899 1247 2987 1316 ll),
3020 1249 3123 1317 leg.
3155 1250 3244 1318 12,
3275 1259 3330 1303 et
3366 1253 3556 1306 confer

1939 1341 2070 1395 ibid.
2104 1340 2210 1411 leg.
2236 1342 2325 1406 ll,
2356 1356 2459 1407 qua
2494 1355 2589 1407 per
2620 1339 2915 1411 Egyptum
2944 1340 3232 1409 sacrificia,
3266 1340 3557 1410 aditusque

1940 1433 2263 1501 templorum
2286 1432 2701 1493 interdicun’tnr,
2718 1434 2948 1487 Tatiauo
2968 1444 3018 1488 et
3039 1433 3367 1503 Symmacho
3386 1451 3557 1502 coss.,

1937 1543 2080 1582 anno
2104 1526 2229 1583 591.
2265 1527 2499 1583 Secutus
2526 1542 2647 1582 sum
2678 1527 2883 1583 codicis
2910 1527 3359 1597 orthographiam
3388 1531 3481 1598 (c).

2012 1621 2101 1676 70.
2146 1622 2226 1674 Ad
2260 1621 2360 1676 has
2402 1620 2547 1691 leges
2574 1620 2866 1675 Theodosii
2910 1622 3089 1689 potius
3120 1638 3281 1691 quam
3312 1623 3378 1675 ad
3410 1626 3558 1678 exsi-

1939 1718 2070 1771 lium
2102 1716 2452 1787 Symmachi,
2498 1716 2643 1786 quod
2685 1718 2941 1785 Opinatur
2981 1717 3205 1781 Riscus,
3250 1718 3562 1785 respexisse

1936 1810 2120 1881 judico
2174 1810 2529 1866 Prudentium
2583 1810 2682 1865 lib.
2734 1826 2750 1864 ι
2803 1810 3067 1867 adversus
3112 1810 3552 1884 Symmachum,

216 1906 596 1963 arbitraberis.
633 1904 821 1958 Ριιίεδο
842 1910 1021 1957 autem
1048 1901 1273 1955 alterum
1302 1910 1512 1970 poetam
1538 1899 1831 1968 Hispanum
1867 1896 1911 1955 B
1939 1918 2082 1958 vers.
2114 1902 2239 1958 507.

218 1999 491 2050 Anurnum
519 1996 747 2059 dictum,
787 2010 813 2045 a
852 1993 1145 2047 Prudentio
1178 1999 1362 2044 nostro
1390 1990 1691 2051 diversum,
1735 1990 1827 2057 qui

222 2089 582 2142 Dittoehaeum
612 2088 959 2141 elucubratus
992 2084 1174 2150 fuerit,
1202 2090 1405 2137 temere
1434 2082 1671 2150 conjecit
1703 2082 1827 2133 Pni-

220 2184 401 2251 iippus
436 2181 687 2248 lirietius,
723 2180 815 2232 lib.
851 2194 901 2232 ιν
932 2178 999 2232 de
1031 2177 1235 2231 Poetis.
1266 2176 1489 2229 Michael
1529 2190 1557 2228 a
1585 2176 1643 2229 S.
1673 2175 1829 2230 lose-

222 2276 354 2341 pho,
392 2272 755 2342 Bibliograph.
781 2272 927 2335 crit.,
958 2269 1126 2324 verbo
1157 2268 1397 2322 Armentis
1426 2269 1502 2321 ait
1541 2274 1827 2321 Amoemim

222 2366 390 2419 fuisse
427 2365 713 2432 quemdam
749 2372 960 2432 poetam
1004 2360 1275 2427 Grtecum,
1306 2361 1401 2415 sed
1432 2375 1569 2429 opus
1595 2361 1697 2413 sub
1724 2359 1824 2413 hu-

216 2462 307 2524 jus
358 2455 580 2509 nomine
628 2454 768 2508 inter
814 2461 1002 2523 pactas
1031 2450 1370 2506 Christianos
1417 2454 1658 2516 editum,
1708 2468 1829 2507 esse

223 2547 526 2601 Prudentii.
561 2546 821 2600 Melchinr
848 2544 1135 2599 Goldastus
1166 2545 1217 2598 in
1252 2544 1564 2613 praefatione
1592 2544 1826 2598 Manual.

222 2640 408 2693 biblic.
448 2639 732 2709 gloriatur,
779 2652 839 2692 se
880 2637 1109 2703 primum
1151 2634 1504 2691 Prudentium
1540 2638 1829 2690 Ammnum

218 2741 452 2800 quatuor
484 2732 607 2784 aliis
647 2729 954 2784 Prudentiis
984 2727 1292 2793 addidisse,
1334 2744 1496 2797 quem
1534 2728 1827 2797 llispamun

220 2838 380 2891 esse,
430 2834 486 2877 et
535 2822 706 2876 ferme
751 2836 1039 2889 supparem
1096 2820 1395 2888 Prudentia
1441 2819 1830 2875 Turiasonensi

222 2915 472 2985 praesuli,
520 2925 574 2968 et
614 2915 829 2968 Aurelio
866 2915 1131 2968 Clementi
1177 2914 1483 2979 existimat;
1533 2922 1693 2980 atque
1726 2914 1830 2967 hoc

220 3017 380 3078 pacto
412 3021 701 3076 uirumque
753 3023 950 3069 nomen
1000 3006 1285 3061 Prudentii
1335 3016 1390 3059 et
1435 3007 1653 3060 Amt‘eni
1699 3022 1831 3060 con-

218 3103 420 3171 iunxit,
455 3116 630 3170 neque
659 3100 921 3156 dubitavit
948 3114 1196 3154 asserere
1240 3099 1605 3164 Gennadium,
1642 3099 1831 3153 homo-

219 3192 402 3261 nymia
431 3194 761 3259 scriptorum
794 3192 935 3245 inter
962 3206 1022 3245 se
1048 3191 1334 3258 mqualium
1365 3191 1675 3259 deceptum,
1697 3192 1830 3245 scri-

221 3292 309 3353 pta
335 3299 523 3337 eorum
548 3298 653 3336 non
677 3284 916 3351 potuisse
937 3281 1269 3336 discernere.
1300 3281 1618 3336 Emmanuel
1640 3282 1827 3337 lliscus
1856 3278 1901 3339 C

219 3392 330 3429 non
359 3374 654 3429 admodum
683 3374 935 3428 dissentit
964 3389 993 3426 a
1024 3374 1278 3442 Dopinio,
1323 3374 1413 3443 qui
1463 3382 1614 3442 putat
1660 3374 1829 3429 Ditto—

217 3470 432 3525 elucum
461 3484 584 3525 esse
610 3470 881 3539 epitomen
912 3468 1199 3537 quamdam
1234 3468 1413 3536 operis
1440 3468 1827 3535 l’rudentiani,

220 3576 251 3615 a
280 3560 563 3616 Gennadio
590 3561 813 3625 laudati,
842 3561 910 3614 ab
936 3564 1165 3615 Ammno
1192 3560 1492 3614 confectam
1522 3559 1625 3630 (b).

295 3654 409 3726 48
434 3653 524 3709 69.
567 3654 684 3720 Quo
712 3662 890 3707 autem
920 3667 1064 3707 anno
1096 3662 1324 3721 cmpent
1348 3652 1671 3707 Prudentius
1696 3653 1832 3707 scri-

221 3750 375 3814 here,
420 3762 525 3802 non
558 3747 745 3815 liquet,
779 3744 1023 3814 quamvis
1066 3746 1307 3814 plerique
1339 3746 1673 3799 aSSeruerint
1704 3761 1828 3799 eum

219 3857 365 3895 anno
390 3841 567 3895 a-tatis
596 3841 663 3895 57
699 3839 766 3893 ad
798 3839 1038 3893 carmina
1080 3853 1231 3892 saera
1273 3838 1550 3907 pangendo
1583 3838 1827 3890 animum

216 3935 588 4005 applicuisse:
623 3948 743 3987 nam
784 3948 855 3988 ex
889 3933 1233 4001 praafatione,
1270 3932 1410 3984 unde
1449 3941 1827 4000 argumentum

219 4036 441 4097 petunt,
485 4026 660 4080 solum
694 4026 821 4079 licet
848 4024 1048 4078 inferre
1076 4038 1199 4078 eum
1228 4039 1372 4077 anno
1403 4026 1472 4078 57
1514 4029 1691 4078 atatis
1731 4038 1827 4079 sua

217 4119 480 4188 opuscula
512 4118 769 4182 edidisse,
802 4133 1031 4187 quorum
1065 4126 1155 4171 aut
1204 4118 1459 4187 pleraque
1496 4109 1589 4172 aut
1618 4117 1824 4185 omnia,

217 4222 277 4264 ut
304 4209 489 4266 simile
519 4225 651 4265 vero
677 4218 792 4275 est,
825 4220 951 4275 ante
977 4209 1209 4264 diversis
1239 4210 1571 4280 temporibus
1600 4226 1827 4282 compo-

214 4311 423 4357 suerat.
478 4300 728 4368 Profecto
765 4301 850 4354 vix
895 4301 1119 4356 dubium
1163 4312 1248 4357 est
1291 4303 1420 4372 quin
1461 4304 1599 4357 duos
1639 4315 1828 4361 contra

214 4394 606 4466 Symmachum
656 4393 821 4448 libros
873 4405 1000 4450 ante
1050 4410 1251 4450 annum
1294 4396 1495 4450 Christi
1544 4398 1651 4453 404
1694 4414 1821 4455 con-

213 4486 523 4555 scripserit.
555 4482 894 4540 Tbeodosius
926 4488 1099 4556 legem
1124 4488 1381 4558 vulgavit,
1410 4505 1511 4559 qua
1559 4493 1828 4547 sacrificia

214 4579 491 4634 idolorum
543 4576 821 4646 prohdsuit
862 4593 1007 4633 anno
1052 4579 1197 4635 592:
1233 4578 1432 4635 Nullus
1473 4582 1720 4649 omnino,
1766 4601 1832 4639 ea;

2060 2040 2259 2089 Talibus
2285 2038 2459 2088 edictis
2496 2037 2627 2087 Urbs
2650 2039 2903 2087 informata
2929 2038 3116 2101 refugit

2060 2102 2269 2151 Errores
2291 2109 2511 2161 veteres,
2541 2107 2591 2149 et
2613 2102 2805 2150 turbida
2834 2101 2895 2148 ab
2914 2113 3005 2150 ore
3041 2101 3177 2150 vieto

2058 2165 2233 2212 Nubila
2260 2165 2519 2219 discussit;
2542 2164 2643 2224 jam
2670 2164 2924 2211 nobilitate
2947 2169 3110 2223 parata

2062 2227 2290 2274 AEternas
2310 2233 2503 2273 tentare
2533 2228 2652 2281 vias,
2684 2226 3030 2285 Christumque
3058 2232 3316 2274 vocantem

2060 2288 2369 2350 Magnanimo
2392 2289 2600 2336 ductore
2632 2289 2793 2349 sequi,
2828 2294 2879 2335 et
2904 2301 3044 2347 spem
3072 2290 3272 2337 mittere
3300 2289 3347 2335 in
3376 2301 3554 2337 aevum.

1936 2454 2319 2528 Symmachum
2351 2456 2603 2511 reducem
2637 2468 2733 2523 pro
2765 2470 2857 2509 ara
2884 2455 3147 2509 Victoriae
3179 2459 3553 2525 recuperanda

1937 2566 2137 2606 novum
2172 2550 2409 2618 aliquem
2442 2552 2697 2605 cenatum
2741 2548 3061 2605 adhibuisse
3103 2550 3291 2605 multis
3334 2566 3558 2619 persua-

1934 2643 2068 2697 dere
2098 2643 2210 2696 vult
2241 2642 2457 2697 Riscus.
2508 2642 2622 2712 Ego
2658 2658 2836 2712 neque
2863 2642 2914 2697 id
2944 2658 3171 2699 necesse
3197 2659 3341 2708 esse,
3380 2660 3559 2713 neque

1937 2736 2046 2791 ulla
2088 2747 2405 2804 argumento
2446 2737 2662 2793 ostendi
2707 2752 2867 2805 posse
2910 2738 3189 2792 existimo.
3244 2737 3360 2793 Etsi
3406 2739 3556 2795 enim

1934 2831 2186 2885 assentiri
2234 2832 2371 2885 nolis
2417 2831 2538 2885 Nic.
2580 2832 2839 2897 Antonio,
2873 2831 3165 2887 afﬁrmanti
3192 2834 3547 2890 Prudentium

1938 2934 2059 2993 post
2107 2940 2309 2979 annum
2344 2924 2450 2979 405
2480 2925 2738 2979 carminis
2788 2924 2872 2978 sui
2920 2940 3119 2979 novum
3169 2938 3549 2995 argumentum

1938 3033 2156 3073 sumere
2187 3019 2424 3073 voluisse
2472 3034 2539 3074 ex
2586 3019 2851 3073 relatione
2896 3017 3209 3093 Symmachi
3242 3021 3366 3089 styti
3405 3038 3556 3075 exer-

1936 3113 2084 3165 cendi
2111 3113 2312 3183 gratia,
2364 3121 2544 3167 tamen
2588 3113 2794 3179 poteris
2826 3120 3012 3166 tenere
3052 3110 3408 3167 Prudentium
3451 3132 3554 3169 non

1938 3214 2137 3257 tantum
2166 3205 2289 3274 styli
2318 3204 2591 3258 exercendi
2621 3205 2823 3274 gratia,
2864 3203 2961 3258 sed
2993 3204 3158 3259 etiam
3194 3214 3251 3257 ut
3282 3204 3550 3260 idolorum

1934 3298 2135 3351 cultum
2168 3297 2406 3351 funditus
2434 3306 2731 3362 everteret,
2757 3298 3071 3369 Symmachi
3101 3300 3421 3353 relationem
3454 3300 3554 3353 im-

1938 3404 2224 3459 pugnasse.
2274 3390 2434 3459 Saepe
2460 3390 2607 3445 enim
2650 3390 2707 3443 lit
2738 3398 2796 3444 ut
2824 3404 2963 3458 opus
2991 3390 3209 3460 aliquod
3238 3406 3270 3445 a
3302 3392 3551 3459 pluribus

1936 3482 2098 3536 modo
2128 3481 2308 3545 citius,
2347 3481 2513 3536 modo
2552 3482 2749 3547 serius,
2785 3481 3097 3547 refellatur;
3147 3481 3259 3553 49
3297 3492 3353 3539 et
3379 3484 3546 3555 Sym-

1936 3573 2116 3628 machi
2146 3574 2361 3639 relatio,
2388 3573 2623 3629 hominis
2649 3582 2777 3628 tunc
2802 3575 3256 3643 eloquentissimi,
3283 3590 3311 3627 a
3341 3577 3549 3641 multis,

1934 3674 1993 3721 ut
2024 3666 2517 3736 probabilissimum
2545 3675 2651 3731 est,
2674 3666 2914 3736 expetita
2942 3676 2997 3721 et
3025 3667 3186 3733 lecta,
3206 3668 3383 3722 studia
3413 3684 3555 3740 quo-

1934 3760 2183 3816 rumdam
2215 3758 2282 3815 ad
2320 3760 2479 3814 ﬁdem
2507 3760 2833 3815 catholicam
2864 3759 3301 3830 amplectendam
3333 3763 3558 3816 tardare.

1937 3860 2169 3922 poterat,
2199 3852 2302 3906 nisi
2335 3852 2546 3920 plenius
2578 3867 2738 3920 quam
2779 3852 2980 3906 fecerat
3012 3851 3356 3918 Ambrosius,
3407 3857 3557 3908 refu.

1939 3954 2163 3999 taretur.
2218 3944 2405 4013 Itaque
2447 3943 2798 4009 Prudentius,
2847 3953 2906 3999 ut
2952 3958 3053 4013 ego
3100 3945 3355 4013 coniicio,
3408 3962 3556 4000 anno

1937 4034 2155 4090 circiter
2174 4034 2282 4089 403
2312 4036 2539 4089 Romam
2569 4033 2887 4098 adveniens,
2918 4042 2975 4088 et
2997 4034 3309 4105 Symmachi
3338 4035 3557 4090 relatio.

1941 4139 2065 4180 nem
2088 4134 2181 4180 aut
2200 4135 2327 4180 tunc
2346 4125 2578 4195 primum
2596 4123 2786 4180 videns
2806 4124 2938 4197 (non
2958 4124 3103 4180 enim
3131 4134 3257 4179 tunc
3281 4125 3557 4181 volumina

1943 4218 2133 4273 eadem
2166 4217 2423 4271 facilitate
2451 4231 2557 4286 qua
2588 4232 2731 4272 nunc
2760 4217 3201 4287 divulgabantur)
3244 4228 3335 4273 aut
3361 4220 3555 4274 obser-

1942 4324 2074 4368 vans
2114 4310 2169 4365 in
2205 4309 2419 4366 deliciis
2459 4309 2745 4379 gentilium
2798 4325 2917 4364 eam
2951 4326 3093 4375 esse,
3143 4319 3201 4365 et
3247 4311 3556 4368 immodicis

1940 4402 2189 4458 laudibus
2238 4400 2431 4466 evehi,
2481 4401 2945 4470 impugnationem
2986 4415 3275 4471 aggressus
3315 4412 3418 4457 est.
3470 4404 3559 4459 Cl.

1941 4493 2256 4549 Emmanuel
2298 4492 2493 4548 Riscus
2540 4493 2778 4563 aliquem
2829 4508 3036 4548 novum
3084 4501 3338 4549 conatum
3389 4494 3555 4565 Sym-

1940 4584 2118 4641 machi
2145 4584 2385 4640 adfuisse
2422 4584 2550 4643 inde
2582 4584 2823 4656 colligit,
2864 4585 3009 4656 quod
3042 4601 3166 4642 eum
3194 4586 3559 4659 Symmachus

287 4825 367 4898 (a)
404 4824 548 4882 Idem
582 4823 854 4898 Barthius,
892 4824 996 4894 lib.
1018 4840 1094 4898 vr,
1132 4838 1254 4894 cap.
1276 4824 1351 4898 "l7,
1386 4839 1587 4898 nomen
1620 4830 1821 4883 Amteni
1856 4834 1900 4891 υ
1930 4829 2203 4883 Juvenalis
2230 4829 2471 4885 Ethicus.

213 4896 359 4953 unde
394 4898 620 4952 traxi-rit
657 4897 919 4965 originem
954 4897 1226 4965 explicat:
1264 4896 1353 4949 Sic
1380 4897 1822 4955 luculentissimus

212 4969 407 5026 Christi
436 4978 571 5022 vates
603 4966 922 5021 Prudentius
944 4982 977 5018 α
1003 4969 1185 5034 priscis
1212 4966 1611 5037 descriptoribus
1638 4972 1825 5027 Amoe-

210 5055 315 5095 tuts
363 5039 757 5110 cognomina'us
805 5044 911 5103 est,
952 5039 1075 5109 quia
1124 5038 1352 5090 omnium
1402 5038 1822 5095 Christianorum

211 5122 489 5183 poetarum
516 5113 893 5183 ammnitate__et
929 5111 1177 5183 varietate
1216 5110 1822 5183 lyricorumcarniinum

211 5176 367 5251 longe
390 5183 457 5235 sit
502 5181 767 5248 princeps.
808 5176 949 5251 Nam
986 5181 1085 5251 qui
1120 5176 1432 5251 breviarium
1464 5180 1631 5246 illud,
1682 5186 1821 5251 quod

210 5249 427 5307 Antinoi
472 5251 622 5305 titulo
665 5249 1009 5317 inscribitur,
1048 5249 1337 5304 Prudentia
1380 5249 1722 5320 abjunicant',
1784 5256 1821 5308 ii

209 5324 445 5378 homines
484 5320 628 5375 nulla
665 5322 819 5393 modo
855 5322 986 5393 liene
1026 5322 1229 5391 judicio
1267 5330 1503 5393 utuntur.
1556 5324 1816 5393 Exempla

207 5397 441 5448 aliorum
474 5394 693 5461 profert,
722 5391 812 5460 qui
837 5390 1233 5459 descripserunt
1268 5391 1588 5457 liberulilale
1614 5390 1819 5460 cogno-

208 5467 353 5518 mina
400 5478 724 5526 acceperunt
754 5503 768 5527 ,
826 5461 1045 5515 Plautus
1089 5464 1328 5526 Asinius,
1376 5462 1606 5519 Uvndius
1648 5464 1813 5533 Geta,

207 5536 415 5593 Statius
463 5535 774 5604 Aquitinus,
834 5534 1105 5587 Ausonius
1155 5534 1435 5604 I’wonius,
1500 5535 1815 5604 Propertius

214 5606 424 5672 Nauta,
466 5602 667 5659 Caelius
702 5604 941 5673 Apitius,
987 5604 1247 5659 Martialis
1275 5602 1474 5667 Cacus,
1525 5602 1813 5663 Petronius

208 5679 435 5741 Arbiter,
469 5675 691 5730 Persius
714 5674 949 5737 Severus,
981 5674 1272 5730 Sallustius
1296 5674 1564 5739 Liberalis.
1590 5680 1814 5735 Ovidius

210 5747 466 5818 Magnus,
518 5745 1154 5818 Claudianusgﬂagnus,
1208 5746 1463 5818 Sidonius
1507 5747 1811 5817 Modestus,

208 5815 550 5873 Theodosius
568 5815 823 5885 Exiguus,
849 5815 1004 5872 Abbo
1024 5816 1275 5885 Cerrinus,
1306 5817 1561 5875 Hadulqu
1583 5815 1807 5887 Arduus,

207 5889 349 5947 Saxo
376 5888 786 5955 Grammaticus,
808 5889 1069 5958 Sulpitius
1089 5890 1303 5947 littetor.
1330 5890 1558 5961 Prosper
1586 5892 1803 5951 lilictor.

2002 4902 2078 4973 (ὁ)
2102 4902 2322 4977 Titulus
2352 4902 2600 4977 diversos
2635 4904 2753 4973 ejus
2782 4907 3027 4974 opusculi
3059 4907 3309 4964 invenies
3339 4924 3459 4977 cap.
3486 4912 3545 4975 4,

1928 4970 1981 5024 in
2012 4970 2170 5026 cadd.
2200 4988 2330 5027 mss.
2360 4973 2638 5028 Mariettus
2665 4970 2749 5029 'ex
2781 4970 2970 5031 codice
3007 4978 3126 5032 Vat.
3162 4980 3213 5033 id
3242 4970 3508 5036 ex~cribit
3534 4970 3554 5039 ὲ

1930 5039 2077 5117 fecit
2126 5047 2262 5095 enim
2314 5045 2504 5117 inultas
2550 5046 2726 5109 libros,
2778 5063 2963 5111 unum,
3014 5066 3165 5114 quem
3217 5052 3552 5117 pratitularit

1932 5114 2283 5189 [innocuum]
2336 5116 2512 5189 id_est
2565 5117 2826 5180 duplicem
2874 5114 3225 5189 refectionem
3254 5136 3441 5175 vocans
3486 5128 3549 5177 de

1934 5182 2104 5262 Veteri
2136 5194 2183 5237 et
2208 5184 2359 5238 Novo
2388 5186 2737 5262 Tcs'amento,
2762 5200 2811 5241 et
2840 5182 2999 5254 alios,
3023 5206 3152 5255 quos
3180 5210 3289 5262 pra:
3312 5210 3430 5246 man
3456 5195 3549 5247 bus

1928 5256 2191 5318 ltnbcmus.
2236 5262 2279 5337 si
2318 5260 2636 5341 perscrutari
2664 5262 2857 5341 placet.
2909 5262 3114 5341 ilonfer
3143 5256 3363 5318 nostros
3392 5280 3543 5319 ceni-

1931 5336 2229 5380 mentarms
2259 5329 2309 5380 in
2343 5330 2556 5382 titulum
2586 5329 2743 5399 hujus
2771 5333 2975 5398 aperis.

2002 5399 2368 5475 (c)_Quoniam
2413 5400 2778 5475 'l‘heodosiaui
2821 5402 3025 5456 codicis
3070 5406 3277 5459 mentio
3324 5406 3544 5475 incidit,

1929 5482 2052 5542 non
2072 5469 2316 5523 differam
2352 5486 2600 5534 monere,
2650 5473 2813 5541 paulo
2845 5484 2971 5527 ante
3004 5492 3155 5529 num.
3183 5476 3274 5542 50,
3322 5491 3448 5530 cum
3480 5469 3544 5533 ei

1928 5553 1996 5613 eo
2022 5539 2133 5593 duo
2160 5549 2343 5593 essent
2375 5539 2704 5613 prmsidcs'B
2724 5545 2881 5598 etiam
2910 5539 3544 5613 recensendi,omissum

1926 5608 2092 5663 fuisse
2139 5608 2391 5665 alterum.
2446 5612 2758 5679 Legendum
2801 5630 2969 5683 ergo:
3025 5608 3289 5671 Phasides
3341 5616 3549 5672 Bieticae

1926 5693 2090 5753 erant,
2112 5684 2334 5753 incertus
2354 5701 2488 5737 anno
2514 5687 2635 5745 526,
2663 5685 2732 5738 ad
2756 5702 2907 5753 quem
2932 5686 3056 5739 data
3079 5691 3164 5741 lea:
3187 5688 3207 5740 l
3240 5690 3303 5741 de
3325 5690 3545 5743 distra/i.

1931 5750 2113 5822 I’ign.,
2156 5750 2775 5822 Egnatius‘l’austinus,
2814 5759 2884 5809 ad
2919 5773 3069 5819 quem
3110 5760 3237 5813 data
3273 5776 3413 5814 anno
3442 5762 3547 5816 537

1923 5821 2006 5877 lca:
2031 5821 2066 5874 9.
2095 5828 2159 5879 de
2186 5826 2339 5878 distr.
2373 5824 2493 5896 Pig.
