4504 6468
649 527 653 531 -
738 496 850 554 ϐω

2139 491 2596 572 vacosanus.

3900 486 4006 548 σω

742 609 1023 665 Trecensis
1036 623 1186 680 opus,
1207 609 1298 665 sed
1323 626 1348 661 a
1382 611 1704 666 nonnemiue
1728 608 1991 665 Clementi
2019 607 2314 661 Prudent'a
2338 619 2392 675 Α
2417 608 2531 662 sius
2562 606 2927 678 Mingarellius
2953 606 3163 678 preiat.
3197 605 3460 662 Fasciculi
3499 605 3887 662 auecdotorum
3911 600 4006 657 da-

731 690 1040 770 'ai'lingitur,
1081 699 1256 755 dicam
1298 701 1478 770 caput
1521 701 1572 755 in
1603 702 1787 755 codice
1829 699 2000 754 Vatia.
2048 697 2310 754 Alex-nd.

742 790 1066 856 534.Qualis
1091 792 1158 844 sit
1184 791 1412 861 hymnus
1431 792 1485 845 in
1528 791 1584 844 Β.
1621 789 1888 859 Virginem
1912 788 2154 852 Mariam,
2184 785 2318 842 Pru-

731 882 926 937 dentia
956 891 1139 938 nostra
1166 883 1431 950 ascriptus
1462 881 1514 935 in
1535 882 1777 952 catalogo
1802 879 2141 936 bibliothecae
2165 877 2310 932 Pari-

744 973 900 1037 sima,
929 985 1073 1027 certe
1102 987 1206 1024 non
1231 975 1390 1036 novi;
1419 971 1513 1025 sed
1543 976 1760 1040 opinor,
1792 970 2014 1024 alterius
2043 967 2315 1027 Prudentii

743 1078 864 1118 esse
892 1078 1045 1131 opus.
1074 1060 1206 1117 Vide
1235 1062 1494 1117 num.98.
1533 1064 1765 1117 Carmen
1794 1063 1860 1114 de
1892 1060 2023 1114 Fide
2052 1061 2103 1113 in
2128 1059 2316 1113 eodem

743 1153 984 1221 catalogo
1032 1153 1302 1206 laudatum
1342 1168 1372 1206 a
1403 1152 1823 1223 Psychomachia
1871 1167 1980 1204 non
2028 1141 2314 1214 distinguo.

738 1242 940 1300 Confer
961 1257 1107 1299 num.
1131 1241 1376 1318 eumdem
1407 1242 1496 1296 98.
1520 1242 1677 1297 Joan.
1701 1238 1824 1295 Chr.
1851 1240 2104 1303 Ritterus,
2137 1238 2187 1292 in
2210 1237 2322 1291 dis-
2344 1265 2356 1278 ι

736 1335 1032 1388 certatione
1059 1333 1122 1386 de
1150 1336 1294 1401 Aqua
1313 1349 1376 1386 ea:
1395 1331 1586 1386 Christi
1607 1334 1762 1384 latere
1785 1333 2094 1400 proﬂuente,
2119 1337 2256 1397 part.
2285 1326 2322 1382 2

743 1423 999 1477 Thesauri
1026 1422 1686 1492 theologica-philologici,
1719 1419 2128 1483 Amstelodami,
2160 1418 2317 1484 Ποε,

746 1515 982 1568 Aurelius
1011 1513 1346 1578 Prudentius,
1378 1516 1470 1578 ait,
1504 1529 1605 1566 non
1633 1514 1747 1566 uilis
1791 1514 1845 1564 in
1868 1499 2107 1588 Ecclesia
2147 1509 2324 1563 existi-

743 1605 1006 1668 mationis,
1031 1603 1253 1658 uulneris
1272 1604 1425 1672 Itujus
1443 1604 1650 1675 (lateris
1670 1599 1896 1672 Christi)
1919 1601 2322 1672 magnitudth

747 1696 841 1747 hac
865 1696 1017 1748 modo
1041 1695 1314 1761 exprimit:

987 1783 1037 1844 Si
1061 1795 1145 1832 cor
1168 1783 1322 1832 habes
1339 1780 1646 1844 maculatum,

992 1843 1185 1904 Inspice
1212 1844 1386 1904 vulnus
1407 1851 1500 1892 tam
1523 1843 1668 1894 latum
1689 1857 1702 1892 :

991 1903 1158 1966 Cordis
1182 1903 1288 1966 ejus
1309 1905 1439 1955 lll'mc
1461 1907 1566 1954 [luit

991 1965 1150 2028 Unda,
1172 1965 1284 2028 quas
1310 1967 1484 2015 sordes
1504 1965 1676 2016 abluit.

746 2073 860 2135 Non
889 2074 1130 2144 explicat
1157 2074 1299 2128 unde
1327 2073 1424 2127 bas
1454 2086 1640 2127 versus
1666 2069 1964 2127 extraxerit
1993 2086 2006 2122 ε
2047 2067 2142 2124 sed
2192 2068 2324 2124 Pru-

739 2161 913 2216 dentii
938 2161 1135 2232 slylum
1181 2176 1365 2230 parum
1395 2161 1586 2226 callet,
1617 2160 1707 2228 qui
1744 2173 1839 2214 eos
1885 2157 2158 2213 Prudentii
2204 2170 2325 2212 esse

741 2249 1056 2305 crediderit.
1088 2250 1272 2319 Neque
1299 2250 1438 2319 apud
1464 2248 1808 2303 Prudentium
1838 2247 2054 2303 invenio
2085 2261 2322 2312 versum,

746 2356 905 2410 quem
935 2343 1009 2396 illi
1031 2342 1282 2396 attribuit
1304 2341 1552 2396 Barthius
1575 2341 1671 2396 lib.
1694 2355 1778 2395 xu
1801 2341 2059 2402 Advers..
2076 2355 2196 2409 cap.
2213 2341 2320 2394 27:

867 2432 974 2481 .lam
998 2434 1113 2481 mihi
1135 2445 1224 2496 per
1249 2446 1398 2495 rupes
1421 2433 1590 2482 videor
1613 2431 1845 2494 lucosque
1867 2441 2117 2482 sonantes.

749 2513 1000 2568 Fortasse
1041 2529 1138 2584 pro
1180 2514 1289 2568 alio
1331 2526 1488 2584 poeta
1533 2530 1728 2568 nomen
1779 2512 2057 2568 Prudentii
2104 2512 2326 2569 Barthio

748 2601 963 2656 excidit.

1351 2689 1578 2746 CAPUT
1623 2690 1710 2747 iV.

1056 2780 1268 2835 Codices
1310 2797 1434 2835 mss.
1467 2797 1676 2868 cperunt
1713 2780 2014 2836 Prudentii.

817 2872 931 2944 56
972 2873 1062 2928 75.
1096 2873 1194 2939 Qui
1223 2875 1434 2927 codices
1457 2889 1583 2927 mss.
1620 2873 1916 2940 Prudentii,
1936 2882 1990 2927 et
2011 2873 2227 2927 ubinam
2251 2871 2330 2926 la-

749 2973 918 3032 teant,
950 2976 1100 3020 notas
1140 2967 1301 3021 etiam
1330 2977 1398 3023 et.
1420 2966 1888 3035 interpretationes
1926 2979 2056 3022 mss.
2097 2965 2149 3019 iii
2179 2981 2331 3019 cum-

752 3060 964 3111 demes
1014 3056 1242 3110 diversis
1289 3056 1544 3125 cataIOgis
1586 3055 1813 3126 aliisque
1855 3056 2191 3110 documentis
2230 3055 2331 3110 hoc

751 3147 926 3213 capite
953 3147 1297 3216 complectar,
1343 3146 1570 3200 molesto
1601 3140 1815 3213 quidem
1837 3189 1851 3214 ,
1883 3145 1976 3200 sed
2006 3160 2112 3200 non
2154 3145 2330 3200 inutili

755 3237 968 3300 labore,
999 3251 1063 3290 ex
1089 3252 1194 3305 quo
1239 3236 1445 3290 scilicet
1491 3237 1659 3304 possit
1686 3235 1918 3290 divinus
1959 3244 2119 3305 poeta
2165 3237 2332 3305 magis

2417 698 2608 753 scribit
2633 697 2876 754 codicem
2899 697 3200 752 carminum
3235 698 3295 753 S.
3339 696 3571 760 Paulini.
3619 703 3926 753 exstantem
3951 692 4004 748 in

2417 787 2740 843 bibliotheca
2777 785 2836 842 8.
2861 785 3158 842 Salvatoris
3202 787 3480 857 Bononia,
3507 802 3538 841 a
3571 787 3744 855 Lippa
3775 782 4007 841 Piatesia

2416 876 2655 942 sarculo,
2686 884 2745 930 ut
2788 875 3066 944 opinatur,
3114 889 3202 928 xlv
3249 883 3559 941 exaratum,
3607 874 3698 929 ubi
3748 882 3874 942 post
3901 881 4008 926 tre-

2419 965 2594 1021 decim
2641 963 2850 1020 Paulini
2907 963 3147 1021 carmina
3207 973 3503 1020 occurrunt
3551 965 3666 1020 haec
3722 960 4003 1019 Prudentii

2419 1070 2622 1124 opera:
2666 1055 3000 1126 Apotheosis,
3046 1055 3103 1109 id
3126 1065 3237 1122 est,
3281 1056 3345 1110 de
3387 1055 3703 1123 Diainitale,
3735 1053 4010 1108 Prudentii

2419 1158 2582 1216 poeta
2602 1148 2896 1202 clarissimi.
2938 1147 3190 1217 Ejusdem
3228 1147 3504 1203 Prudentii
3534 1164 3742 1203 carmen
3770 1147 3849 1200 vel
3888 1146 4012 1199 liber

2421 1251 2598 1294 contra
2621 1238 2905 1294 Hiereticos
2935 1237 3422 1310 Patripassianas...
3450 1239 3604 1295 Liber
3632 1251 3816 1294 contra
3844 1236 4007 1294 Unio-

2423 1330 2624 1385 nitas...
2656 1327 2900 1384 Carmina
2928 1330 3008 1383 vel
3027 1330 3154 1383 liber
3177 1337 3358 1386 contra
3376 1329 3662 1385 Iudicas...
3687 1327 3910 1383 Carmen
3937 1322 4012 1380 sel

2423 1415 2825 1474 liber‘adversus
2850 1419 3138 1475 Hmaticas
3174 1428 3221 1474 et
3249 1421 3484 1490 inﬁdeles
3512 1420 4011 1485 Hamuncianitas...

2423 1508 2573 1563 Liber
2597 1510 2661 1563 de
2681 1508 2888 1563 Natura
2917 1511 3171 1565 animat...
3193 1509 3350 1565 Liber
3368 1522 3546 1566 contra
3571 1509 4014 1565 Phantastieos...

2427 1591 2844 1670 Marciagenia...
2877 1600 3028 1654 Liber
3060 1611 3240 1655 contra
3287 1600 3695 1658 Marcionita...
3739 1600 3894 1654 Liber
3935 1600 4017 1654 di-

2424 1699 2537 1745 ctus
2583 1689 3011 1760 Psychomaehia.
3057 1691 3229 1762 Hujus
3273 1692 3484 1748 codicis
3530 1693 3708 1749 varias
3757 1692 4016 1763 lectiones

2425 1795 2638 1836 mecum
2667 1782 3089 1839 communicavit
3121 1785 3328 1839 amicus
3366 1794 3554 1846 noster
3601 1784 3821 1840 llochus
3866 1784 4018 1839 lien-

2433 1873 2616 1938 ciaca,
2647 1873 2740 1944 qui
2785 1874 3090 1930 universam
3137 1874 3417 1930 historiam
3463 1875 3887 1930 ecclesiasticam
3916 1888 4020 1928 una

2353 1967 2402 2028 B
2427 1978 2549 2020 cum
2577 1965 2695 2020 aliis
2721 1965 2907 2020 amicis
2929 1966 3129 2021 nostris
3163 1966 3451 2036 diligenter
3477 1981 3766 2037 aggressus
3790 1976 3875 2022 est
3900 1965 4018 2020 illnc

2426 2063 2623 2110 strare.
2653 2055 2831 2111 Codex
2855 2056 3211 2113 Bononiensis
3262 2057 3434 2112 solum
3467 2059 3706 2121 continet
3744 2058 4021 2128 Apotheo-

2426 2145 2528 2210 sin,
2553 2145 3002 2217 ﬂamartigeniam
3020 2187 3035 2211 ,
3061 2145 3541 2218 Psychomachiam
3565 2164 3578 2200 :
3609 2147 3903 2202 mendosus
3939 2154 4024 2202 est

2425 2244 2480 2290 et
2510 2233 2736 2290 fartasse
2763 2251 2827 2291 ex
2860 2236 3075 2291 Plz-tesii
3096 2237 3319 2292 arbitrio
3340 2245 3650 2304 corruptus.

2495 2325 2584 2379 76.
2627 2325 2874 2381 Nicalaus
2912 2327 3175 2382 Antonius
3222 2328 3275 2382 in
3320 2326 3573 2382 Biblioth.
3612 2335 3722 2382 vet.
3755 2324 3914 2396 Hisp.
3956 2323 4025 2381 de

2425 2415 2657 2485 quodam
2684 2416 2872 2472 codice
2899 2416 3159 2472 Vaticana
3186 2417 3300 2473 hac
3327 2417 3548 2499 tradidit
3590 2435 3602 2470 :
3656 2415 3723 2470 In
3771 2415 4026 2470 Vaticana

2427 2508 2726 2563 bibliotheca
2764 2511 2922 2564 codex
2963 2512 3190 2580 antiqua:
3227 2511 3353 2566 satis
3385 2520 3518 2564 natat
3542 2551 3558 2573 ,
3599 2511 3684 2566 cui
3727 2510 3912 2580 omnis
3952 2520 4027 2565 est

2429 2614 2570 2652 num.
2601 2598 2762 2666 582i,
2791 2598 3064 2654 Prudentii
3090 2601 3262 2654 omnia
3291 2617 3449 2669 opera
3478 2601 3762 2654 continens.
3785 2598 3855 2653 In
3875 2603 4028 2664 cuius

2430 2688 2598 2756 primo
2629 2689 2757 2758 folio
2783 2699 2956 2744 notam
2987 2691 3204 2757 legimus
3231 2693 3525 2748 recentiaris
3554 2708 3735 2745 manus
3754 2708 3774 2746 :
3798 2690 4031 2746 James

2430 2780 2684 2833 Antonius
2707 2778 2976 2835 Mariettus
2994 2782 3208 2854 57sec.
3230 2779 3359 2836 Iesu
3379 2783 3637 2852 presbyter
3655 2781 3792 2836 hunc
3813 2781 4032 2847 librum,

2430 2882 2546 2920 cum
2568 2865 2758 2940 Pragte
2779 2870 3033 2939 degerent,
3057 2872 3229 2942 accepi
3250 2873 3385 2926 dono
3404 2890 3436 2926 α
3456 2872 3825 2944 Christapltora
3843 2873 4032 2931 Colero

2430 2958 2539 3011 viro
2565 2957 2862 3013 doctissima
2885 2975 2903 3012 :
2931 2977 3148 3032 cumque
3171 2962 3322 3016 illum
3347 2979 3463 3016 cant
3487 2964 3683 3033 aliquot
3723 2981 3847 3019 mas.
3871 2967 4032 3021 uariis

2432 3051 2487 3103 in
2533 3049 2654 3105 locis
2693 3051 3080 3124 diligentissime
3107 3057 3413 3111 contulerim
3436 3100 3451 3120 ,
3496 3067 3546 3112 et
3571 3059 3874 3113 nominatim
3912 3076 4034 3115 cum

2432 3142 2758 3197 celeberrimo
2797 3146 3136 3201 vetustissimo
3175 3147 3298 3214 illo,
3333 3149 3470 3218 quod
3519 3147 3816 3205 Ratisbome
3860 3150 3918 3203 in
3966 3149 4033 3206 S.

2436 3238 2702 3292 Emerami
2732 3236 3018 3308 (Emeriani
3038 3239 3227 3294 seribit
3252 3238 3369 3296 Nic.
3403 3243 3695 3310 Antonius)
3725 3241 4036 3298 bibliotheca

751 3328 1026 3397 magisque
1057 3327 1328 3381 illustrari.
1373 3326 1651 3380 Fabricius
1680 3325 1731 3380 in
1761 3325 2014 3380 BibliOth.
2060 3334 2168 3381 vet.
2214 3327 2327 3380 Lat.
2360 3318 2407 3381 C
2437 3342 2762 3397 asseruntur;
2800 3341 2848 3387 et
2878 3319 3087 3403 optima:
3112 3344 3265 3398 nota,
3306 3343 3353 3388 et
3379 3343 3499 3388 ante
3538 3335 3725 3388 multos
3762 3350 3930 3388 annos
3968 3336 4037 3388 ab

750 3419 932 3473 laudat
971 3417 1245 3489 Prudentii
1291 3417 1531 3472 codicem
1561 3417 1930 3486 perantiquum
1957 3416 2008 3470 in
2042 3416 2331 3472 bibliothe-

749 3524 810 3563 ca
851 3509 1199 3564 Ambrosiana
1241 3507 1524 3562 Mediolani
1569 3507 1884 3563 existentein
1912 3547 1928 3571 ,
1975 3525 2081 3576 quo
2125 3509 2329 3563 nullum

752 3603 1052 3658 remotioris
1098 3603 1434 3671 antiquitatis
1465 3617 1526 3657 se
1553 3603 1754 3656 vidisse
1799 3611 2024 3656 testatur
2067 3600 2333 3654 Nuntian-

749 3693 937 3748 conius
966 3693 1109 3746 Diar.
1145 3691 1340 3754 ltalic.,
1373 3706 1492 3760 pag.
1527 3693 1617 3762 l8,
1660 3693 1857 3761 quique
1882 3693 1948 3745 ad
1977 3693 2232 3751 smculum
2261 3706 2332 3744 vit

739 3792 848 3837 ‘ant
873 3798 964 3836 vni
992 3781 1242 3837 refertur.
1274 3780 1407 3836 Vide
1437 3798 1583 3836 num.
1615 3783 1684 3837 80
1709 3784 1853 3838 circa
1897 3782 2039 3837 hunc
2066 3783 2328 3837 codicem.

753 3873 1057 3929 llolstenius
1083 3873 1137 3926 in
1162 3873 1388 3942 epistola
1421 3873 1489 3928 de
1514 3873 1698 3929 lulcris
1750 3889 1848 3928 seu
1888 3874 2122 3928 verubus
2150 3872 2334 3926 Diana:

753 3965 998 4033 Ephesia:
1026 3966 1313 4019 obscurum
1364 3964 1577 4019 Minucii
1617 3963 1812 4020 Felicis
1842 3964 2018 4019 locum
2063 3966 2331 4030 explicat,

751 4071 1038 4125 veramque
1063 4055 1346 4110 lectionem
1373 4055 1608 4111 restituit
1630 4072 1693 4109 ex
1730 4056 1837 4110 alia
1857 4055 2017 4109 simili
2057 4054 2331 4110 Prudenti

751 4148 870 4202 loco
892 4147 944 4199 in
972 4146 1156 4199 codice
1179 4148 1622 4214 prastantissimo
1654 4144 1934 4201 Urbinatis
1965 4145 2333 4207 bibliothecae,

755 4241 821 4293 ad
855 4239 1160 4293 Vatidanam
1196 4239 1454 4292 translato
1475 4281 1489 4305 ,
1532 4238 1686 4307 cujus
1724 4239 1971 4294 meminit
1999 4252 2209 4307 quoque
2237 4236 2337 4289 Fa-

753 4330 972 4395 bricius,
1005 4329 1074 4384 de
1093 4345 1200 4399 quo
1225 4339 1323 4382 nas
1354 4342 1537 4398 postea
1565 4316 1826 4385 dicemus.
1861 4329 2173 4384 Edmundus
2201 4327 2336 4381 hlar—

753 4434 874 4476 tene
901 4427 951 4476 in
993 4423 1189 4476 Itinere
1238 4422 1502 4476 litterario
1547 4423 1773 4477 duorum
1815 4422 2177 4476 Maurinarum
2219 4419 2360 4475 sine

750 4516 967 4569 nomine
993 4515 1227 4568 auctoris
1249 4514 1452 4568 Gallice
1484 4514 1627 4568 edito
1657 4523 1790 4582 part.
1817 4515 1874 4580 2,
1899 4529 2016 4583 pag.
2051 4514 2173 4577 l58,
2197 4513 2336 4566 inter

2433 3423 2860 3478 exercitatissimo
2917 3425 3211 3494 antiquaria
3257 3428 3604 3495 conscriptum
3649 3441 3760 3480 esse
3804 3443 3990 3481 censeo
4014 3443 4040 3483 :

2434 3527 2684 3578 uacxvm,
2727 3514 2892 3569 idibus
2937 3514 3090 3569 Julii.
3142 3516 3192 3570 is
3240 3517 3516 3572 Mariettus
3561 3516 3852 3571 editionem
3897 3517 4039 3572 Pru-

2433 3605 2599 3660 dentii
2634 3607 2880 3660 Aldinam
2929 3609 3056 3662 anni
3097 3609 3226 3664 1501
3272 3626 3394 3664 cum
3429 3610 3533 3666 hac
3575 3610 3761 3667 Codice
3804 3613 4041 3682 aliisque

2433 3695 2840 3768 diligentissime
2869 3700 3128 3768 contulit,
3169 3702 3449 3767 variasque
3489 3701 3746 3756 lectiones
3801 3703 4037 3772 margini

2435 3786 2666 3856 adjecit,
2708 3801 2875 3857 quas,
2906 3803 3027 3842 cum
3060 3789 3193 3843 feret
3220 3793 3466 3857 occasio,
3497 3793 3897 3855 annotabimus.
3928 3795 4040 3850 Ex-

2439 3887 2547 3932 stat
2590 3879 2733 3932 enim
2785 3878 2921 3933 liber
2967 3879 3022 3933 in
3050 3879 3375 3935 bibliotheca
3423 3881 3632 3952 collegii
3663 3882 3933 3939 Romani:
3966 3900 4036 3940 ex

2436 3985 2545 4041 quo
2573 3984 2732 4040 supra
2757 4010 2773 4036 ,
2807 3986 2956 4026 num.
2987 3970 3060 4027 49
3101 3979 3155 4026 et
3181 3971 3274 4036 68,
3319 3974 3573 4028 nonnulla
3619 3973 3890 4030 dedimus.
3927 3975 4039 4030 Du-

2438 4059 2552 4115 bita
2580 4071 2781 4124 autem,
2811 4059 2928 4116 isne
2959 4062 3074 4131 ipse
3102 4063 3410 4125 Mariettus.
3444 4079 3511 4118 an
3542 4065 3703 4129 alius,
3737 4068 4036 4123 editionem

2442 4148 2712 4203 Prudentii
2742 4150 3119 4205 Coloniensem
3150 4154 3277 4206 anni
3307 4152 3468 4218 1589,
3513 4163 3568 4208 et
3595 4153 3736 4210 1594
3761 4171 3831 4211 ex
3859 4159 4033 4226 prima

2440 4239 2751 4294 recensione
2779 4240 2999 4295 Giselini
3026 4250 3392 4309 procuratam,
3419 4252 3722 4299 exstantem
3752 4246 3808 4300 in
3837 4247 4035 4304 eadem

2441 4329 2765 4386 bibliotheca
2786 4370 2800 4394 ,
2833 4346 2954 4385 cum
2985 4332 3224 4387 editione
3251 4331 3497 4388 Sichardi
3524 4376 3538 4400 ,
3571 4346 3628 4388 et
3669 4336 3907 4404 quodam
3941 4351 4029 4392 co-

2441 4421 2560 4476 dice
2588 4437 2718 4477 mss.
2746 4423 3061 4490 contulerit,
3115 4424 3168 4479 in
3215 4425 3369 4492 cujus
3397 4427 3504 4479 line
3546 4426 3838 4495 descripsit
3865 4430 4034 4483 etiam

2441 4528 2631 4568 versus
2657 4514 3019 4568 Constantina:
3046 4553 3060 4578 ,
3097 4515 3430 4568 Constantini
3476 4515 3602 4570 illia:
3626 4557 3644 4582 ,
3675 4519 3921 4587 aliasque
3967 4519 4028 4575 S.

747 4606 962 4660 codices
1000 4605 1231 4659 ρωποι)ιί
1276 4605 1711 4661 Monasteriensis
1741 4605 2041 4677 (Munster)
2088 4611 2337 4659 recenset
2361 4675 2394 4679 ξ
2445 4602 2652 4656 Damasi
2686 4604 2737 4656 in
2772 4603 3027 4657 honorem
3071 4602 3132 4659 5.
3165 4608 3343 4673 Agnes
3367 4644 3383 4669 ,
3431 4616 3719 4676 excerptas
3742 4647 3759 4672 ,
3810 4610 4029 4679 opinor.

751 4705 995 4762 poemata
1020 4694 1297 4750 Prudentii
1324 4697 1522 4750 arcula
1547 4713 1578 4749 x
1609 4675 1853 4751 exarata.
1895 4695 2128 4750 Joannes
2165 4693 2328 4762 Aloy-
2360 4675 2411 4735 Ῑ)
2435 4709 2501 4748 ex
2549 4693 2734 4748 codice
2765 4691 3122 4747 Prudentiana
3170 4701 3289 4762 post
3319 4694 3580 4765 hymnum
3606 4675 3668 4752 ε.
3715 4675 3894 4767 Agnes
3924 4697 4026 4768 (α).

921 4807 1116 4860 Omnes
1131 4810 1366 4857 mirantur
1384 4810 1622 4869 perpetim

988 4869 1108 4920 Post
1129 4875 1312 4930 tactum
1332 4882 1559 4930 cruorem
1589 4879 1870 4930 martyrem,

993 4934 1151 4992 Quem
1173 4929 1458 4980 testularum
1484 4929 1736 4992 fragmine

995 4991 1229 5041 Macrone
1255 4999 1399 5041 acuta
1418 4991 1692 5041 vulnerant.

933 5051 1115 5114 Dolore
1140 5050 1271 5100 nullo
1305 5052 1564 5114 frangitur,

995 5111 1232 5175 gulisque
1263 5125 1402 5175 ptnna
1416 5111 1649 5173 Vincitur,

993 5173 1236 5236 flammas
1252 5173 1420 5223 ferens
1441 5188 1531 5236 per
1550 5174 1774 5236 ungulas,

988 5233 1205 5282 Rabusta
1226 5233 1488 5295 permansit
1513 5233 1647 5284 fides.

929 5294 1005 5345 Ex
1033 5295 1144 5344 hinc
1165 5294 1406 5346 reponunt
1428 5296 1656 5346 mallibus

992 5355 1168 5408 Christi
1204 5355 1396 5411 ﬁdelem
1430 5357 1652 5416 militem,

993 5417 1162 5479 Carnis
1187 5419 1356 5466 relicto
1379 5430 1582 5479 corpore

991 5477 1066 5526 Ad
1105 5486 1229 5526 astra
1254 5480 1432 5540 migrat
1456 5477 1678 5540 Spiritus.

932 5537 1154 5599 Vesanus
1175 5537 1433 5599 imperator
1462 5537 1539 5589 fe-

994 5597 1078 5662 llis
1097 5597 1274 5662 iactum
1296 5601 1504 5649 cadaver
1535 5604 1745 5662 mandat,

988 5658 1200 5722 Custode
1218 5673 1384 5721 corvo,
1408 5673 1615 5722 corpore

995 5719 1155 5784 Famis
1181 5721 1340 5782 lupina
1367 5719 1587 5784 pellitur.

927 5778 1100 5843 Gravis
1114 5778 1622 5843 tyrannum'inexcitat

989 5841 1166 5906 Furor,
1184 5844 1426 5906 jubetth
1457 5851 1734 5907 martyrem,

2688 4803 2904 4852 lnsutum
2928 4817 3072 4863 rat-vo
3093 4803 3288 4864 eculeo,

2687 4863 2830 4914 Ponti
2873 4865 3108 4927 profundo
3145 4863 3445 4926 immergere

2623 4925 2788 4974 Honor
2823 4925 3037 4974 summus
3058 4927 3279 4976 redditur

2680 4986 2895 5037 lubente
2916 4987 3106 5037 Christo
3129 4988 3280 5037 littori

2683 5046 2898 5097 Retectis
2920 5048 3058 5097 undis
3095 5049 3284 5097 levibus

2682 5109 2928 5159 Pravenit
2962 5121 3136 5158 omnes
3157 5112 3381 5170 remigeo

2618 5167 2693 5220 Tu
2716 5170 2867 5230 solus,
2892 5182 2924 5219 ο
2947 5171 3021 5220 bis
3040 5170 3237 5232 inclyte,
3260 5167 3359 5220 cie.

2508 5288 2562 5342 In
2602 5290 2880 5372 granario
2928 5291 3227 5372 lsidoriano
3271 5292 3419 5347 clare
3450 5293 3653 5367 legitur
3703 5304 3905 5372 strepit.
3951 5304 4027 5367 ε,

2446 5374 2586 5440 fers.
2601 5361 2653 5423 3,
2672 5361 2852 5440 Carnis
2878 5364 3053 5440 relicta
3073 5377 3310 5440 nonnulla
3333 5378 3430 5430 pro
3457 5361 3721 5434 cannons,
3741 5384 3794 5424 et
3809 5361 4027 5440 stroph;

2434 5429 2493 5502 ξε
2521 5444 2659 5502 vers.
2684 5429 2740 5493 4.
2774 5433 2991 5501 remiges
3039 5447 3137 5502 pro
3178 5429 3419 5501 remigea,
3450 5440 3597 5502 quod
3640 5429 3744 5495 non
3782 5429 4031 5498 advertit

2435 5498 2799 5584 illauchinitts,
2843 5498 2935 5584 iuit
2959 5498 3057 5570 pro
3084 5498 3602 5584 diversa'scrititura
3645 5511 3770 5579 legit
3806 5515 4026 5584 suscipit

2435 5582 2533 5647 pro
2559 5573 2808 5653 suscepit,
2836 5571 3030 5640 factum
3070 5587 3166 5640 pro
3197 5582 3387 5625 tactum
3405 5613 3422 5640 ,
3450 5571 3725 5650 fragmina
3742 5595 3841 5650 pro
3879 5571 4029 5653 p.19-

2432 5652 2592 5690 πηηε.

2499 5707 2577 5775 (a)
2605 5707 3012 5770 Addiditautem
3043 5711 3182 5766 hanc
3211 5714 3617 5772 natam:Editio
3647 5721 3754 5774 hoc
3774 5720 4027 5777 Sichardi

2429 5774 2722 5857 Antuerpia:
2741 5779 2876 5857 isse
2903 5785 3422 5857 cum~canimentariia
3449 5774 3832 5857 Nebrisaensis,
3850 5774 4023 5855 nisi,

2427 5853 2502 5900 est
2529 5844 2843 5918 ltujusntodi,
2859 5859 2913 5904 ut
2941 5853 3105 5907 multa
3131 5852 3316 5910 habeat
3343 5855 3599 5916 adnotata
3620 5861 3688 5916 sd
