4504 6450
145 447 238 504 5-21
1531 437 2071 499 PROLECOMBNA.

143 562 195 617 lu
250 564 351 616 hoc
398 560 589 617 codice
635 578 700 616 ex
750 562 888 616 libro
916 557 1351 616 Cathemerinon
1389 566 1504 612 erat
1546 563 1755 610 tantum
1783 556 1832 616 Α
1864 554 2008 611 Inter
2038 554 2256 609 codices
2280 553 2569 611 Vaticanus
2600 558 2749 627 (nam
2780 557 2830 610 iu
2862 554 3187 610 bibliotheca
3214 550 3468 613 Vaticana

146 657 376 723 hymnus
423 668 517 706 vni
564 652 672 709 kal.
737 653 959 708 Januar.
986 692 999 715 ,
1048 661 1104 705 et
1149 664 1382 718 sequens
1431 646 1748 716 Epiphania:
1855 646 1946 701 alii
1987 646 2203 702 codices
2234 657 2497 703 vocantur
2535 648 2813 713 Vaticani,
2844 648 2933 701 alii
2980 645 3348 709 Alexandrini,
3376 647 3471 705 alii

147 746 380 815 hymnus
408 761 578 815 usque
608 746 673 797 ad
726 746 1002 813 stropham
1048 759 1063 796 :
1103 741 1249 795 Inter
1275 740 1430 793 coaevi
1460 738 1747 808 sanguinis.
1860 738 2130 792 Urbinates
2151 780 2166 801 ,
2200 739 2291 792 alii
2326 739 2696 793 Ott/tabaniani
2720 779 2734 802 ,
2787 756 2818 794 e
2869 740 3100 793 diversis
3133 737 3474 793 bibliothecis

146 838 207 891 At
242 838 296 890 in
344 838 558 907 hymnis
591 848 765 891 tamen
797 836 1228 905 praecedentibus
1273 833 1495 887 adverto
1525 831 1753 885 nonnul-
1860 830 2089 897 plurium
2124 832 2436 899 pontilicum
2462 831 2613 899 jussu
2644 834 2696 886 iu
2718 831 3030 886 Vaticanam
3072 830 3371 900 translati),
3410 830 3471 884 1ο

149 929 227 982 las
275 928 538 982 lectiones
586 930 857 983 variantes
883 967 897 990 ,
951 934 1165 981 notatas
1205 926 1379 980 littera
1419 924 1485 987 Ρ,
1518 938 1639 993 quae
1684 937 1752 974 an
1857 923 2019 977 codex
2040 925 2270 987 n.2766,
2302 941 2420 995 pag.
2442 923 2889 994 8l,pergamen.,
2912 927 2979 981 in-
2997 929 3085 993 8°,
3110 935 3387 990 exaratns,
3414 934 3478 980 ut

146 1021 391 1074 codicem
438 1019 773 1079 Palatinum.
827 1034 894 1073 an
925 1018 1281 1086 Pragensem,
1316 1032 1383 1070 an
1418 1016 1579 1069 alium
1611 1014 1754 1067 indi-
1858 1017 2117 1079 creditur,
2149 1018 2349 1071 saeculo
2371 1034 2471 1081 xu;
2496 1019 2635 1072 inter
2655 1019 2758 1071 alia
2796 1020 3021 1072 aliorum
3063 1019 3300 1071 carmina
3329 1033 3480 1071 con-

147 1111 495 1182 cet,ignoro:
517 1127 621 1166 n0n
647 1116 789 1167 enim
813 1128 1000 1167 PO'I’lUS
1025 1112 1451 1181 signiﬁcat.cum
1467 1109 1756 1179 aliquando
1862 1112 1995 1183 tinet
2021 1109 2505 1180 Psychamachiam,
2538 1112 2652 1166 sive
2688 1113 2756 1165 de
2790 1112 2969 1181 Pugna
3001 1113 3195 1165 animae
3220 1152 3235 1175 ,
3290 1111 3480 1180 primis

148 1204 444 1270 scribatur,
487 1204 621 1258 sicut
664 1206 817 1258 etiam
847 1204 994 1257 habet
1026 1202 1093 1256 P.
1125 1203 1287 1258 Liber
1316 1200 1753 1269 Peristephanmn
1864 1204 2055 1257 litteris
2078 1204 2273 1269 rubris,
2297 1206 2679 1259 notatiunculis
2701 1206 2765 1259 ad
2792 1204 3221 1273 marginetn,sed
3254 1204 3306 1258 in
3334 1203 3483 1272 prin-

149 1298 201 1351 in
231 1296 423 1351 eodem
469 1298 654 1351 codice
682 1297 971 1367 incipiebat
998 1312 1029 1351 a
1062 1310 1223 1349 versu
1271 1296 1371 1351 10⁵1
1400 1313 1412 1347 :
1446 1293 1574 1347 Htec
1613 1307 1757 1345 coer-
1863 1297 2005 1362 cipio
2039 1306 2265 1359 tantum,
2301 1296 2464 1350 nullis
2491 1298 2676 1363 titulis,
2706 1300 2895 1367 quales
2936 1306 3060 1352 sunt
3102 1297 3155 1351 in
3185 1297 3328 1360 aliis,
3360 1298 3483 1351 sine

150 1396 229 1440 cet
252 1428 267 1450 ,
304 1398 543 1455 torquet,
588 1389 728 1453 urit,
770 1388 880 1442 hinc
909 1398 1115 1442 catenas
1155 1389 1355 1441 incutit.
1388 1387 1465 1440 Ad
1499 1386 1755 1456 hymnum
1863 1388 2213 1456 diphthongis
2244 1406 2254 1439 :
2281 1388 2533 1443 serihitur
2562 1388 2906 1443 hostentatria:
2927 1428 2940 1451 ,
2982 1390 3235 1452 hiatibus,
3264 1396 3371 1442 etc.
3420 1385 3482 1441 In

151 1477 211 1531 S.
240 1476 525 1531 Fructuosi
554 1480 808 1533 observat
840 1494 1161 1549 anunymuc,
1193 1478 1281 1547 qui
1310 1478 1554 1532 codicem
1582 1474 1761 1530 confe-
1866 1478 1995 1546 line,
2042 1478 2267 1547 Explicit
2314 1480 2460 1535 liber.
2515 1481 2768 1536 Plurimis
2822 1489 2994 1535 scatet
3032 1480 3241 1535 mendis
3282 1497 3296 1534 :
3341 1479 3483 1535 hunc

157 1570 315 1624 rebat
338 1609 357 1636 ,
408 1586 566 1624 suum
596 1571 838 1626 codicem
883 1571 1129 1626 Sichardi
1160 1571 1348 1625 codice
1377 1568 1760 1639 antiquiorem,
1868 1574 2210 1627 nominamus
2241 1572 2479 1627 codicem
2516 1571 2582 1626 E.

3364 439 3469 493 62?.

155 1674 213 1719 et
242 1666 521 1720 meliorem
555 1682 676 1721 esse
699 1711 713 1735 ,
761 1675 815 1721 et
846 1666 1130 1737 plerasque
1171 1666 1441 1719 lectiones
1467 1708 1481 1731 ,
1515 1676 1649 1732 quas
1681 1663 1765 1717 Si-

154 1761 393 1813 chardus
424 1761 633 1828 probat,
667 1768 878 1815 notatas
906 1775 1029 1814 esse
1075 1760 1127 1813 in
1161 1774 1261 1814 suo
1289 1801 1303 1824 ,
1353 1758 1445 1812 sed
1476 1753 1766 1812 recentiori

160 1866 347 1905 manu.
396 1851 618 1921 Reliqua
668 1852 847 1905 omnia
899 1850 1177 1906 Prudentii
1228 1865 1392 1917 Opera
1439 1851 1666 1903 aderant
1712 1846 1764 1899 in

1940 1661 1999 1715 2°
2031 1661 2204 1716 Codex
2238 1661 2519 1716 Vaticanus
2567 1663 2735 1728 2868,
2787 1679 2907 1733 pag.
2958 1663 3049 1726 51,
3082 1663 3480 1730 membranac.,

1873 1754 2041 1817 ἰπὶ-4⁸,
2087 1755 2271 1809 sa-culi
2316 1771 2431 1808 xui.
2478 1755 2531 1807 ln
2561 1771 2626 1810 co
2657 1765 2738 1809 est
2767 1754 3183 1825 Psychomachia
3215 1756 3355 1811 inter
3381 1758 3481 1812 alia

1872 1845 2215 1900 diversorum
2249 1857 2527 1899 auctorum
2559 1858 2827 1915 poemata.
2864 1848 3071 1903 Desunt
3111 1850 3284 1911 tituli,
3316 1848 3482 1904 etiam

160 1943 269 1996 hoc
298 1942 505 2003 codice,
532 1942 633 1995 nisi
660 1943 802 2007 quod
835 1943 886 1996 in
921 1944 1014 1996 lib.
1043 1958 1077 1996 ιι
1108 1939 1763 2011 adversusSymmachum
1796 1932 1844 1992 Β
1874 1939 2077 2006 primus
2124 1940 2303 2006 operis
2353 1940 2450 2010 (b).
2501 1939 2797 1994 Character
2844 1942 3053 1994 accedit
3102 1944 3168 1995 ad
3222 1942 3480 1997 saeculum

158 2032 342 2086 versui
387 2030 497 2084 264
526 2040 650 2085 nota
698 2042 813 2085 erat
844 2033 1111 2100 apposita,
1147 2031 1352 2099 reliqua
1388 2035 1454 2083 ad
1488 2030 1646 2083 linem
1679 2043 1768 2081 us—

160 2138 268 2193 quo
314 2124 633 2178 desiderari.
668 2123 812 2178 Idem
857 2138 1160 2193 anonymus
1191 2137 1574 2189 nonnunquam
1608 2119 1768 2173 verba

158 2214 411 2282 quzedam
445 2213 718 2269 Prudentii
765 2214 1065 2283 explicuit,
1117 2214 1227 2285 58
1270 2212 1387 2267 sive
1427 2212 1544 2279 ipse
1576 2224 1640 2263 ea
1688 2219 1771 2263 est

162 2307 553 2375 interpretatus
578 2345 595 2372 ,
634 2307 747 2359 sive
794 2319 859 2359 ex
891 2305 1082 2360 codice
1114 2304 1589 2373 interpretationes
1628 2314 1770 2354 sum-

166 2399 316 2467 psit,
370 2412 505 2467 quas
552 2400 666 2454 suis
716 2398 849 2452 locis
900 2398 1439 2467 repraesentabimus.
1494 2392 1629 2448 Fere
1676 2407 1774 2461 pro

165 2498 322 2544 certo
353 2490 525 2543 habeo
549 2530 565 2554 ,
600 2491 741 2543 hunc
774 2489 940 2544 fuisse
968 2488 1210 2543 codicem
1261 2488 1513 2548 Marietti,
1562 2487 1630 2539 de
1669 2501 1774 2553 quo

166 2580 367 2635 iterum
417 2579 557 2633 inter
602 2579 763 2633 codd.
815 2579 986 2633 \‘atic.
1030 2578 1087 2632 In
1151 2578 1475 2632 bibliotheca
1526 2576 1774 2643 Angelica

169 2670 361 2726 Romae
390 2670 529 2739 apud
570 2670 673 2724 Pl‘.
717 2672 1140 2739 Augustiniauos
1183 2669 1290 2723 vidi
1320 2678 1374 2724 et
1404 2668 1605 2723 contuli
1643 2666 1773 2737 Psy—

168 2760 526 2817 chansochiam
566 2779 664 2816 ms.
698 2760 879 2817 Codex
933 2762 1166 2829 scriptus
1214 2771 1299 2816 eSt
1329 2775 1356 2812 a
1384 2759 1617 2830 quodam
1663 2774 1779 2812 ino-

168 2859 348 2913 nacbo
394 2856 744 2915 Cisterciensi
786 2873 929 2912 anno
970 2857 1112 2913 M72
1155 2873 1218 2913 ex
1262 2856 1557 2926 exemplari
1590 2871 1779 2925 perve-

170 2962 342 3015 tusto,
390 2959 449 3005 ut
478 2950 720 3017 videtur,
769 2950 864 3005 sed
898 2964 1004 3003 non
1032 2950 1151 3005 sine
1180 2950 1461 3003 erroribus
1492 2948 1590 3018 (a).
1626 2947 1781 3001 Hunc

169 3042 417 3095 codicem
465 3040 747 3111 appellabo
798 3042 1137 3112 Angelicum,
1189 3044 1302 3095 sive
1352 3041 1541 3109 primis
1587 3040 1782 3093 litteris

172 3135 310 3204 Aug.
351 3132 492 3188 Loco
516 3133 722 3189 codicis
747 3148 869 3189 esse
899 3143 1080 3202 potest
1109 3132 1279 3187 editio
1318 3131 1597 3186 Prudentii
1626 3130 1781 3184 Wei~

176 3228 357 3281 tziana
386 3241 508 3281 cum
539 3228 703 3284 variis
742 3227 1069 3282 lectionibus
1100 3243 1231 3283 mss.
1283 3243 1349 3282 ex
1380 3227 1551 3281 veteri
1594 3226 1782 3279 codice

1875 2044 1983 2082 XIV.
2034 2030 2144 2101 59
2169 2029 2562 2099 Orthographia
2582 2070 2594 2092 ,
2627 2041 2850 2099 tempta,
2880 2031 3098 2093 honera,
3134 2033 3299 2101 glarie
3320 2073 3333 2095 ,
3377 2044 3485 2087 etc.

1874 2121 2046 2187 Quam
2082 2137 2267 2188 parum
2315 2122 2385 2175 sit
2431 2133 2715 2177 accuratus
2742 2162 2756 2185 ,
2789 2136 2854 2176 ex
2900 2125 3075 2192 primo
3107 2138 3263 2177 versu
3295 2122 3486 2179 disce:

1877 2213 2050 2268 Senex
2080 2214 2249 2281 ﬁdelis
2278 2214 2445 2280 prima
2477 2215 2558 2267 aia
2595 2214 2841 2267 credendi
2880 2226 2975 2268 est.
3002 2214 3101 2269 ηε
3126 2216 3301 2269 codex
3332 2230 3362 2269 a
3393 2230 3489 2270 no-

1876 2305 1959 2358 bis
1985 2305 2184 2359 dicitur
2216 2304 2287 2359 Γ.

1946 2400 2002 2451 3°
2034 2399 2206 2451 Codex
2230 2396 2353 2451 Vat.
2383 2396 2545 2461 5267,
2576 2412 2696 2466 pag.
2743 2398 2835 2456 δι.
2874 2399 3202 2460 membran.,
3234 2411 3362 2451 saec.
3388 2412 3488 2463 xu,

1879 2488 2014 2542 iii-8.
2063 2488 2475 2557 Psychontttcht'a
2506 2498 2648 2542 nota:
2694 2480 2931 2556 antiquae
2972 2503 3094 2542 cum
3152 2490 3348 2557 glosds
3376 2503 3492 2541 ma-

1877 2597 2035 2651 gnam
2062 2592 2266 2650 partem
2291 2582 2483 2635 erasis.
2510 2580 2925 2649 Ortbagraphia,
2951 2581 3207 2640 seuienlis,
3225 2580 3491 2649 fallerata,

1880 2684 2111 2743 temptes,
2136 2660 2377 2737 ‘cannisa,
2426 2673 2637 2726 honera.
2677 2672 2997 2727 Prmcedunt
3038 2672 3281 2740 qumdam
3314 2671 3493 2725 Ovidii

1881 2768 2120 2821 carmina
2158 2784 2169 2818 :
2204 2765 2550 2834 subsequitur
2594 2764 2711 2818 Vita
2769 2762 3140 2818 Prudentiiex
3188 2761 3491 2825 Gennadio,

1883 2859 1972 2913 ubi
1994 2860 2302 2911 Uirocheum
2334 2856 2526 2926 legitur
2543 2872 2642 2924 pro
2670 2854 3049 2910 Dittachzeum.
3079 2854 3209 2909 Item
3226 2853 3495 2923 praefatio.

1888 2952 1990 3004 Per
2018 2952 2363 3020 quinquennia
2399 2952 2523 3004 cum
2571 2948 3020 3018 interpretatione
3062 2948 3200 3017 ejus,
3246 2958 3301 3002 et
3346 2962 3498 3002 com-

1884 3044 2169 3097 mentariis
2200 3041 2641 3111 Psychomachiae
2675 3058 2687 3092 :
2717 3055 2841 3109 quae
2887 3042 3187 3095 recentiora
3220 3038 3493 3093 videntur.

1886 3135 2021 3188 Huic
2046 3133 2216 3187 codici
2245 3146 2440 3185 nomen
2472 3131 2511 3184 C
2536 3130 2806 3185 dedimus.

1957 3225 2013 3277 4°
2041 3222 2218 3277 Codex
2275 3222 2395 3277 Vat.
2443 3223 2607 3286 58.59,
2651 3236 2993 3286 mem.,s;ec.
3047 3237 3124 3283 st,
3171 3222 3307 3275 in-«i.
3340 3221 3397 3275 lu
3428 3236 3497 3277 eo

174 3332 348 3389 penes
386 3317 458 3372 cl.
505 3318 791 3387 praesulem
821 3318 1118 3387 Josepbum
1152 3318 1445 3375 Antonium
1490 3317 1778 3386 Beggiunt,
1807 3291 1853 3352 C
1887 3324 2102 3369 exstant
2126 3316 2260 3368 liber
2297 3312 2723 3375 Cathemerinon,
2758 3312 3199 3382 ΡετίδιερΙιαηωη,
3234 3314 3499 3383 Apotheo-

175 3408 271 3475 qui
304 3423 409 3462 non
445 3408 618 3462 solum
652 3408 791 3463 hanc
819 3409 1151 3477 editionem,
1196 3410 1293 3465 sed
1336 3409 1554 3464 codices
1592 3422 1784 3463 omnes

177 3497 472 3552 Vaticanos
506 3498 779 3553 Prudentii
808 3508 865 3553 et
911 3503 1167 3571 quasdam
1207 3514 1332 3553 suas
1361 3499 1787 3554 animadversio-

182 3604 283 3642 nes
331 3603 397 3643 ex
450 3588 727 3643 recondita
775 3588 1019 3645 doctrina
1062 3600 1117 3644 et
1157 3590 1368 3644 assidua
1410 3589 1639 3645 lectione
1669 3589 1785 3644 col-

182 3682 352 3735 lectas
397 3680 655 3749 singulari
703 3680 1038 3736 humanitate
1088 3695 1302 3735 mecum
1340 3682 1785 3735 communicavit.

180 3771 369 3840 Itaque
386 3773 599 3827 erudito
618 3772 825 3827 custodi
846 3772 1187 3829 bibliothecze
1203 3771 1475 3827 Vaticana:
1495 3773 1787 3841 plurimum

182 3863 485 3917 Romanam
557 3864 697 3918 hanc
740 3864 1031 3919 editionem
1082 3862 1357 3919 Prudentii
1405 3864 1607 3918 debere
1656 3866 1790 3934 grati

170 3954 350 4009 animi
376 3969 537 4008 causa
568 3956 707 4009 ultro
737 3954 966 4011 fatebor.

257 4045 350 4099 77.
391 4045 447 4099 In
482 4045 804 4100 bibliotheca
841 4046 1096 4101 Vaticana
1128 4047 1237 4102 vidi
1270 4056 1327 4103 et
1354 4045 1567 4102 excussi
1602 4063 1796 4103 omnes

187 4150 455 4210 quotquat
477 4149 693 4194 exstant
719 4139 934 4196 codices
976 4156 1111 4207 quos
1137 4158 1237 4197 suo
1262 4141 1451 4195 ordine
1470 4140 1795 4199 describam.

187 4345 435 4397 distincta
471 4343 538 4415 ab
580 4342 645 4415 iis
684 4358 799 4411 qua:
837 4352 956 4415 sunt
977 4342 1040 4415 in
1058 4351 1341 4415 contextu,
1389 4356 1445 4397 ut
1491 4360 1593 4397 non
1644 4347 1799 4415 facile

188 4416 326 4487 scias
356 4414 479 4481 quid
513 4414 830 4487 potissimum
858 4414 925 4466 sit
955 4412 1231 4477 Sichardi,
1274 4428 1326 4487 et
1352 4416 1605 4487 contingit
1636 4412 1798 4469 inter-

191 4486 321 4538 dum
346 4485 610 4537 convenire
632 4499 748 4536 cum
774 4493 952 4536 nostra
972 4496 1087 4549 qua!
1112 4493 1231 4536 sunt
1260 4486 1507 4539 adnotata
1535 4485 1605 4539 ad
1630 4502 1796 4548 aram,

191 4556 457 4627 interdum
483 4570 599 4627 vero
621 4568 737 4624 quae
765 4556 820 4608 in
847 4563 1113 4627 contentu,
1140 4555 1403 4627 interdum
1426 4566 1627 4610 neutra.
1662 4555 1797 4627 Ergo

190 4635 325 4681 esset
352 4626 409 4678 in
437 4626 613 4691 primis
634 4624 912 4693 quaerenda
938 4624 1099 4678 editio
1133 4624 1238 4677 alia
1268 4640 1384 4677 cum
1418 4624 1799 4681 commentariis

195 4695 574 4766 Nebrissensis
598 4695 1010 4766 tantummodo,
1032 4703 1078 4747 et
1126 4697 1309 4766 deinde
1349 4711 1465 4747 eum
1492 4695 1589 4749 hoc
1620 4698 1796 4766 confe-

194 4768 383 4830 renda,
408 4774 463 4818 ut
492 4764 653 4819 videri
677 4778 867 4836 posset,
889 4765 1012 4834 quid
1043 4765 1331 4819 Sichardus
1354 4768 1665 4831 restituerit;
1707 4764 1794 4835 pa-

195 4849 393 4890 strcma
424 4846 635 4905 utraque
663 4852 779 4888 cum
818 4844 1022 4899 nostra,
1068 4846 1120 4905 ut
1148 4837 1431 4888 videremus
1470 4852 1585 4903 qua:
1623 4849 1800 4891 nostra

195 4910 305 4960 sint
329 4910 393 4959 ab
413 4906 531 4959 aliis
553 4904 787 4959 omnibus
819 4908 1038 4960 diversa.
1066 4904 1148 4959 Ea:
1170 4907 1234 4959 iis
1269 4916 1435 4959 tamen
1463 4924 1575 4975 qua:
1604 4909 1795 4969 natavi,

200 4977 358 5047 facile
378 4988 453 5029 est
472 4991 795 5047 cognoscere,
818 4990 1056 5043 quamam
1074 4991 1137 5047 ea:
1157 4978 1343 5030 nostris
1375 4979 1515 5045 prius
1537 4987 1799 5031 mtaverat

203 5045 518 5111 Sichardus,
537 5045 584 5099 et
604 5062 841 5115 quaenam
866 5062 971 5099 non
999 5046 1190 5099 viderat
1208 5062 1227 5101 :
1254 5064 1399 5111 nam,
1425 5058 1477 5100 ut
1504 5048 1631 5101 alibi
1658 5049 1802 5102 disi-

203 5132 344 5181 mus,
365 5115 495 5169 liber
522 5132 622 5183 qua
652 5132 705 5171 se
733 5133 884 5171 usum
912 5116 1007 5181 ait,
1035 5118 1377 5187 Argentorato
1420 5119 1611 5172 allatus
1635 5157 1651 5185 ,
1697 5136 1800 5172 non

202 5190 410 5241 videtur
436 5186 585 5239 valde
609 5188 857 5241 absimilis
881 5204 914 5239 a
941 5186 1139 5241 nostra.

280 5256 360 5329 (a)
393 5255 645 5330 Continet
683 5258 772 5330 hic
797 5257 970 5312 codex
1002 5260 1383 5330 Apraetationem
1414 5273 1664 5330 aperitin,
1698 5259 1801 5314 Per

205 5326 586 5401 ριιύἰιςιιριυηιὶαΞ
606 5326 1467 5401 prmlationemPsychomacbiae,
1486 5338 1543 5385 et
1570 5331 1688 5401 Psy.
1710 5331 1807 5383 hu-

214 5396 505 5452 tnacbism.
548 5396 863 5470 Sequuntur
904 5396 1121 5466 quidam
1160 5413 1361 5470 versus
1385 5441 1400 5463 ,
1431 5402 1524 5470 qui
1554 5396 1809 5455 dicuntur

212 5467 836 5537 symbolumngilelphi,
868 5476 979 5521 tum
1007 5468 1245 5525 carmina
1288 5467 1570 5536 Lactantii,
1616 5487 1680 5527 ac
1705 5472 1807 5527 Se-

211 5539 392 5593 dulius
420 5537 489 5593 de
517 5536 680 5594 Festo
709 5536 969 5607 paschali.

284 5608 363 5678 (b)
392 5608 471 5663 Ad
500 5623 653 5680 oram
679 5618 767 5664 est
787 5609 1032 5677 quaedam
1057 5609 1454 5665 animadversio
1473 5611 1543 5667 de
1566 5620 1813 5680 poemate

212 5689 269 5733 ct
299 5689 540 5743 auctore,
571 5678 724 5748 cujus
750 5680 1073 5749 elegantiam
1100 5694 1166 5734 ex
1210 5680 1294 5735 his
1325 5680 1505 5737 verbis
1532 5678 1810 5751 degustes,

212 5748 472 5804 licetzlts
519 5750 776 5804 principio
818 5750 965 5803 istius
1005 5750 1124 5804 libri
1172 5750 1501 5804 inauiruntur
1528 5768 1588 5804 ea
1617 5768 1735 5804 aute
1761 5754 1810 5804 in

237 5764 343 5803 tces
364 5765 378 5803 ζ
403 5764 472 5801 Ill

212 5750 472 5804 licetzlts
507 5750 776 5872 {mncipia
818 5750 965 5803 istius
1005 5750 1124 5805 libri
1172 5750 1501 5819 inquiruntur
1528 5768 1588 5806 ea
1612 5750 1735 5822 qua:
1761 5754 1818 5806 in

210 5819 436 5873 aliarum
467 5819 505 5872 li
540 5835 717 5873 rarum
745 5820 1075 5873 inquiruntur
1123 5821 1425 5873 principiis.
1472 5822 1666 5873 scilicet
1691 5833 1817 5873 auat

212 5822 436 5873 aliarum
467 5822 717 5873 librarum
745 5822 1075 5889 inquiruntur
1123 5822 1426 5888 principiis,
1472 5822 1666 5877 scilicet
1691 5833 1817 5886 quat

212 5900 262 5943 et
310 5888 483 5956 quales
528 5892 631 5945 sint
679 5905 887 5955 causae,
936 5900 1041 5946 etc.
1093 5890 1232 5946 Tum
1269 5890 1549 5961 distinguit
1587 5899 1819 5962 quatuor

1885 3410 1979 3472 sis,
2018 3406 2436 3477 llamartigenia,
2460 3404 2577 3459 libri
2622 3405 2869 3460 adversus
2906 3406 3279 3476 Symmachum
3328 3405 3503 3475 negli-

1888 3497 2204 3569 gentissime
2231 3496 2441 3564 scripti,
2473 3495 2816 3549 Dittachaeum
2854 3496 2971 3551 sine
3001 3497 3114 3551 ullo
3162 3498 3319 3552 titulo
3372 3512 3503 3567 poe-

1892 3587 2089 3642 matis:
2117 3588 2171 3640 in
2200 3585 2534 3640 tetrastichis
2566 3600 2698 3639 vero
2748 3588 2991 3641 nonnulli
3046 3598 3173 3641 sunt
3220 3587 3502 3654 tituli,sed

1895 3680 2171 3748 pueriliter
2192 3678 2400 3749 scripti.
2434 3679 2642 3734 Desinit
2667 3679 3020 3735 dittochmum
3047 3680 3102 3735 in
3138 3682 3235 3737 hos
3270 3698 3500 3737 versus:

1968 3815 2239 3878 implentur
2264 3815 2410 3863 nimio
2430 3816 2663 3864 micarum
2688 3814 2935 3878 fragmine
2960 3817 3139 3866 corbes

1966 3876 2158 3927 BiSseni
2184 3890 2196 3927 :
2218 3883 2424 3926 aeterna:
2451 3883 2583 3926 tanta
2603 3876 2854 3939 opulentia
2878 3891 3080 3927 mensa).

1908 3983 2065 4037 Deest
2091 3981 2251 4035 etiam
2284 3979 2730 4048 Psychomachia,
2761 3990 2816 4037 et
2836 3982 3114 4036 conclusio
3152 3986 3452 4040 carminum
3488 4004 3502 4038 :

2224 4090 2443 4139 lmmolat
2474 4090 2581 4138 Deo
2607 4090 2740 4141 Patri

2226 4152 2361 4207 Pius,
2390 4152 2601 4210 ﬁdelius,
2632 4154 2869 4200 innocens
2891 4154 2981 4215 (c).

1904 4360 2099 4400 causas
2128 4364 2139 4398 :
2168 4346 2515 4410 materialem,
2546 4346 2849 4417 formalem,
2878 4347 3170 4415 eﬂicientcm
3211 4360 3259 4403 et
3282 4351 3511 4417 ﬁnalem.

1910 4418 1983 4470 De
2032 4417 2302 4471 eilicieute
2355 4417 2467 4470 hasc
2495 4432 2507 4467 :
2538 4416 2705 4469 Causa
2729 4417 2947 4485 alliciens
2970 4421 3065 4486 fuit
3094 4416 3334 4475 Aurelius
3382 4423 3513 4476 l'ru-

1904 4488 2132 4562 dentius,
2161 4489 2346 4562 laicus,
2374 4486 2625 4539 schalaris
2656 4486 2949 4562 Hispanus;
2973 4494 3283 4562 conjugatus
3314 4493 3434 4562 fuit.
3460 4494 3515 4546 ιιι

1906 4559 2136 4612 fortasse
2180 4559 2524 4623 desttmptutn
2568 4568 2649 4629 est
2699 4572 2762 4610 ex
2800 4558 2905 4611 line
2938 4558 3214 4629 hymnis.
3245 4558 3513 4618 Cassiani.

1905 4629 2066 4682 Addit
2111 4638 2423 4693 annotator,
2457 4627 2727 4680 Aurelium
2781 4629 2850 4681 ab
2894 4627 3042 4695 auro,
3096 4630 3445 4686 Prudentium
3486 4650 3518 4687 a

1904 4698 2178 4765 prudentia
2221 4713 2316 4752 seu
2367 4698 2703 4766 providentia
2730 4738 2744 4758 .
2790 4696 3105 4754 Clemmtem
3142 4719 3170 4755 a
3198 4704 3311 4757 cmli
3353 4716 3519 4757 mente

1835 4795 1881 4854 Ι)
1906 4770 2109 4849 dictum
2140 4786 2159 4849 ε.
2196 4769 2421 4849 Romani
2470 4768 2755 4854 advenisse
2796 4786 2857 4823 ac
2895 4786 2958 4854 se
3005 4773 3291 4828 tradidisse
3334 4773 3521 4854 Eccle-

1910 4841 2001 4913 sia:
2042 4840 2257 4905 :primo
2314 4841 2603 4913 scripsisse
2646 4839 2840 4913 lihrum
2894 4840 3224 4913 Mirtyrum,
3279 4846 3522 4899 secundo

1913 4910 2268 4979 ljymuurum,
2301 4910 2455 4979 lentio
2483 4909 2551 4963 de
2577 4909 3110 4978 Psychomachiafln
3142 4915 3246 4969 line
3274 4916 3479 4969 codicis
3507 4933 3519 4968 :

1911 4977 2157 5054 Eiplicit
2172 4980 2301 5054 liber
2330 4978 2607 5054 Prudentii
2638 4982 2702 5054 de
2730 4979 3111 5054 Sichomachia.
3145 4984 3336 5054 Incipit
3369 4988 3523 5040 Sclu-

1910 5066 2017 5120 vus"
2035 5054 2101 5104 de
2145 5050 2298 5103 Varo.
2342 5049 2608 5120 Incipiunt
2639 5051 2815 5105 Sclavi
2844 5053 2907 5105 de
2950 5053 3088 5107 Vara
3111 5049 3337 5110 consona
3360 5058 3522 5111 dicta.

1912 5120 1955 5173 Α
1983 5119 2341 5175 Beneventano
2360 5119 2557 5173 Iacobo
2587 5136 2679 5189 per
2700 5124 2932 5175 carmina
2963 5124 3105 5191 ﬁcta.
3127 5124 3185 5181 In
3209 5127 3402 5181 eodem
3432 5143 3525 5181 co-

1912 5191 2033 5246 dice
2058 5202 2142 5273 est
2185 5191 2458 5260 quoddam
2506 5204 2642 5261 opus
2691 5192 2908 5250 lleurici
2942 5194 3239 5253 Florentini
3282 5198 3526 5269 elegiaco

1914 5276 2175 5315 carmine.

1990 5332 2065 5400 (ο)
2093 5331 2240 5401 Ordo
2270 5330 2390 5385 libri
2418 5330 2856 5401 Peristephanun
2889 5343 2973 5389 est
3016 5352 3029 5389 :
3080 5336 3134 5391 1⁸
3176 5337 3276 5393 SS.
3336 5337 3526 5394 Hemo-

1920 5404 2091 5457 terius
2119 5412 2173 5472 et_
2200 5400 2564 5467 Celedouius;
2586 5401 2645 5455 2'
2666 5405 2725 5459 S.
2752 5405 3094 5472 Vincentius;
3145 5408 3202 5461 3°
3234 5407 3335 5464 SS.
3358 5407 3525 5464 Octo-

1920 5474 2097 5527 dccim
2132 5465 2399 5543 martyres
2420 5465 2926 5543 Cesaraugustsni;
2959 5475 3016 5530 4⁸
3055 5465 3155 5534 SS.
3191 5477 3528 5535 Fructuosus

1923 5552 1980 5598 et
2000 5544 2165 5621 socii;
2194 5542 2251 5597 5‘
2279 5542 2337 5596 S.
2361 5542 2648 5621 Quirinus;
2683 5542 2746 5621 δέ)
2774 5546 2849 5600 De
2875 5545 3026 5621 loco1
3049 5548 3100 5621 in
3123 5565 3231 5618 quo
3258 5560 3529 5621 martyres

1928 5614 2073 5689 passi
2100 5622 2248 5689 sunt,
2274 5628 2419 5669 nunc
2432 5613 2825 5689 baptisterium
2857 5627 2941 5689 est
2987 5613 3275 5689 Calagurra
3308 5613 3530 5689 (de'quo

1928 5684 2083 5739 titulo
2106 5683 2282 5737 dicam
2306 5698 2405 5737 suo
2432 5684 2606 5754 loco);
2668 5686 2731 5739 7°
2777 5688 3067 5743 Cassianus
3093 5683 3162 5742 ait
3201 5683 3532 5743 Valerianum

1926 5756 2242 5831 episcopum,
2278 5753 2463 5831 (etiam
2495 5753 2582 5831 hic
2604 5758 2868 5831 tuendum
2899 5759 3005 5828 est)
3029 5776 3043 5823 ;
3063 5759 3119 5815 8‘
3143 5759 3383 5831 Ypolitns
3413 5760 3531 5831 (hic

1928 5823 2107 5901 potius
2138 5823 2470 5901 addendum,
2500 5825 2937 5901 adyglerjanum
2950 5823 3310 5901 episcaptim);
3349 5832 3405 5885 9°
3421 5823 3531 5888 SS.

1928 5894 2119 5951 Petrus
2150 5902 2204 5951 et
2249 5894 2481 5962 Paulus;
2513 5896 2603 5953 10⁸
2644 5896 2703 5953 S.
2732 5894 3067 5967 Cyprianus;
3099 5894 3195 5955 Πο
3227 5894 3529 5974 S.'Agnes;
