4322 6408
754 422 857 476 8'23

2143 395 2600 455 PRUDENTIUS.

3918 379 4022 434 62b

754 531 904 584 llunc
931 526 1172 582 codicem
1219 524 1317 579 sub
1363 523 1463 576 hoc
1507 515 1695 572 eodem
1750 526 1894 566 num.
1953 507 2093 566 5859
2151 505 2328 562 laudat
2357 516 2408 573 Α
2435 505 2710 559 Vaticana:
2739 510 2977 558 notatum
3007 500 3243 557 invenio.
3273 499 3320 553 is
3345 507 3427 552 est
3465 495 3632 552 codex
3675 492 3922 552 Marietti,
3956 497 4020 545 tie

754 617 1176 675 Montlauconius
1205 616 1256 669 in
1288 608 1613 668 Bibliotheca
1671 604 2121 660 bibliothecarum
2180 612 2336 664 mss.,

753 715 1048 782 elegantem
1063 702 1520 771 dicit,etsa:culox
1539 708 1688 753 auttx
1711 697 1969 763 scriptum
1989 702 2155 761 putat.
2182 690 2342 744 loca-

755 803 1045 872 talogo,qui
1061 800 1186 852 mihi
1201 807 1451 850 ostensus
1463 801 1546 848 est
1559 807 1621 847 ex
1633 791 1884 843 Vaticana
1902 785 2247 845 biblimheca,
2263 783 2342 836 di-

753 897 895 947 citur
917 899 1164 947 exoratus
1187 887 1384 941 saculo
1408 901 1481 938 si.
1510 883 1606 937 Hic
1627 879 1784 935 nobis
1807 887 1890 932 est
1924 875 2090 931 codex
2133 873 2344 926 Vatica-

753 1000 852 1039 nus
881 983 923 1036 Α
949 1023 963 1044 .
995 979 1150 1050 cujus
1178 979 1382 1050 glossas
1429 986 1485 1030 et
1511 975 1684 1028 varias
1733 971 1987 1026 lectiones
2030 967 2338 1033 allegemus.

750 1077 989 1130 Collatus
1021 1075 1118 1129 iuit
1139 1071 1549 1142 diligentissime
1570 1084 1600 1122 a
1630 1067 1874 1121 hiarietto
1927 1077 2049 1118 cum
2108 1057 2343 1114 editivne

735 1167 950 1221 .Aldina
981 1183 1046 1220 ex
1077 1179 1182 1233 quo
1210 1177 1308 1218 nos
1340 1160 1684 1232 proiecimus,
1713 1157 1809 1212 sed
1863 1170 1971 1210 non
2025 1150 2246 1204 omnino
2269 1148 2347 1200 ia-

752 1258 868 1311 bori
899 1257 1270 1326 pepercimus:
1297 1252 1558 1322 siquidem
1607 1247 1871 1325 praecipua
1929 1245 2044 1299 loca
2099 1254 2199 1294 nos
2243 1236 2340 1307 ipsi

751 1351 1103 1412 contulimus.
1127 1349 1288 1403 etiam
1315 1355 1437 1416 post
1456 1355 1716 1399 summam
1740 1335 1971 1392 Marietti
2010 1335 2341 1403 diligentiam

753 1441 1056 1512 probatam.
1087 1439 1330 1505 beneque
1360 1440 1714 1504 perspectam.
1773 1427 1964 1482 Notam
2008 1423 2340 1480 characteris

756 1531 914 1600 huius
936 1531 1134 1584 codicis
1156 1529 1207 1582 in
1235 1541 1344 1581 aere
1368 1523 1530 1580 incidi
1551 1521 1880 1577 curavimus.

826 1622 884 1676 5°
911 1620 1081 1674 Codex
1102 1617 1384 1671 Vaticanus
1404 1613 1564 1677 3860,
1591 1611 1792 1667 sarculo
1818 1608 2010 1665 eodem
2051 1623 2106 1662 ιι
2124 1647 2141 1674 ,
2172 1619 2342 1662 mem-

757 1714 1076 1774 branaceus,
1130 1707 1267 1763 iii-4.
1299 1707 1413 1762 Hoc
1479 1717 1693 1776 quoque
1747 1701 2020 1769 exemplar
2065 1697 2340 1753 Mariettus

751 1818 876 1859 cum
899 1804 1132 1859 editione
1160 1800 1279 1855 Aldi
1309 1797 1557 1861 contulit,
1602 1804 1659 1851 et
1698 1792 1958 1850 vetustius
1983 1789 2168 1846 codice
2197 1804 2336 1855 pra:-

2442 613 2548 665 quo
2585 595 2790 666 egimus
2819 609 2964 648 num.
2997 593 3086 649 76.
3137 593 3272 647 Nota
3326 590 3555 648 Mariotti
3586 630 3602 654 ,
3653 601 3811 655 quam
3866 583 4020 638 aﬂeit

2442 689 2690 744 Nicolaus
2733 686 2994 742 Antonius
3035 686 3262 754 pertinet
3304 686 3370 738 ad
3425 698 3622 737 annum
3663 680 3798 736 1618
3847 676 4020 732 idibus

2442 782 2590 837 Julii.
2621 781 2889 847 Scriptum
2906 779 3121 850 quidem
3148 793 3177 831 a
3212 777 3383 840 prima
3433 789 3592 828 manu
3647 781 3764 826 erat
3790 811 3806 833 .
3847 770 3901 822 in
3955 767 4011 822 S.

2443 869 2758 925 Erneretiani
2779 868 3101 932 bibliotheca.
3123 867 3215 921 sed
3254 865 3592 920 emendatum
3627 861 3722 918 fuit
3773 859 3835 915 S.
3870 856 4022 912 Ente-

2442 961 2598 1025 rami,
2629 959 2768 1030 quod
2799 972 2985 1013 verum
3013 964 3098 1011 est
3127 954 3435 1010 monasterii
3479 967 3695 1007 nomen.
3750 949 3898 1002 iiunc
3925 961 4022 1000 co-

2442 1053 2617 1108 dicem
2678 1053 2990 1121 i'requenter
3041 1049 3340 1112 laudamus,
3390 1044 3485 1100 sed
3527 1046 3628 1100 sub
3665 1041 3877 1097 nomine
3904 1037 4023 1092 la-

2441 1145 2600 1210 rietti,
2641 1152 2732 1197 aut
2783 1141 2950 1206 Maia,
2998 1155 3104 1195 non
3135 1138 3308 1208 aliqua
3357 1137 3532 1190 littera
3577 1133 3906 1194 distinctum,
3965 1135 4023 1181 ut

2445 1239 2725 1307 plerosque
2746 1235 2880 1289 alios
2910 1233 3216 1288 Vaticauos.
3245 1230 3621 1284 Characterem
3660 1222 3902 1292 ejusdem
3931 1234 4022 1276 eo-

2442 1329 2577 1387 dicis
2602 1331 2654 1385 in
2676 1343 2785 1385 iere
2810 1336 3281 1397 reprzesentamus.
3306 1324 3444 1392 Quid
3475 1333 3676 1386 autem,
3703 1328 3759 1376 et
3783 1331 3892 1390 quo
3934 1332 4022 1372 or-

2443 1422 2570 1478 dine
2612 1424 2904 1485 contineat,
2953 1419 3261 1474 distinctius
3301 1419 3354 1469 in
3407 1412 3807 1469 commentariis
3841 1410 4022 1480 expri-

2442 1527 2672 1569 memus.

2513 1606 2605 1661 78.
2634 1603 2713 1659 Ex
2736 1601 3060 1658 bibliotheca
3090 1600 3342 1654 Vaticana
3389 1595 3744 1653 Alexandrina
3776 1593 3826 1647 ι’
3863 1594 4026 1645 codex

2441 1697 2512 1753 58
2541 1697 2691 1768 (olim
2722 1694 2919 1758 {225),
2951 1692 3179 1764 Hymni;
3227 1691 3409 1747 saeculi
3459 1707 3570 1756 snt,
3621 1690 3917 1746 membran.
3968 1688 4023 1742 in

2440 1789 2627 1842 codice
2655 1796 2834 1841 autem
2855 1794 2940 1840 est
2967 1786 3101 1840 liber
3121 1783 3538 1845 Cathemerinon",
3562 1782 3786 1837 seclusis
3814 1781 4025 1835 duobus

754 1893 966 1949 cedenti
981 1891 1252 1946 existimat
1278 1905 1417 1945 esse.
1446 1887 1552 1942 Nos
1579 1885 1907 1956 appellamus
1933 1881 2176 1937 codicem
2191 1878 2258 1946 Β,
2283 1888 2336 1934 et
2366 1875 2412 1936 B
2442 1878 2727 1950 postremis
2755 1876 2969 1948 hymnis
3000 1877 3063 1929 de
3103 1873 3307 1938 Natali,
3331 1884 3380 1928 et
3407 1873 3695 1942 Epiphania
3724 1871 3952 1934 Domini,
3974 1880 4026 1924 et

753 1987 925 2055 qualis
949 1986 1020 2040 sit
1047 1983 1166 2052 ejus
1190 1980 1515 2036 characteris
1546 1990 1691 2041 nota,
1717 1977 1769 2030 in
1801 1989 1908 2030 sene
1934 1972 2267 2029 ostendimus
2292 1974 2333 2024 ‘.

761 2077 917 2132 Hunc
943 2075 1141 2144 pariter
1169 2074 1408 2128 codicem
1438 2071 1738 2138 elegantem
1781 2077 1836 2120 et
1873 2065 2074 2120 sicculo
2123 2079 2176 2118 ιι
2205 2062 2334 2116 scri-

756 2177 903 2235 ptum
927 2157 1729 2220 amrmatMontf..uconiusloc.
1788 2155 1881 2211 cit.
1915 2153 2111 2209 Verum
2167 2152 2218 2206 in
2271 2166 2337 2206 eo

754 2260 928 2310 soium
955 2264 1036 2311 est
1064 2255 1196 2309 liber
1225 2251 1646 2310 Cathemerinon.
1673 2247 1783 2318 60
1813 2261 1919 2300 non
1953 2236 2178 2313 integer,
2203 2242 2338 2296 liber

754 2348 1190 2419 Peristephanon,
1227 2346 1384 2400 Tituli
1404 2346 1754 2406 historiarum,
1777 2339 2114 2410 Apotheosis;
2142 2347 2335 2393 cratera

754 2438 1029 2494 Prudentii
1055 2437 1292 2492 carmina
1339 2435 1715 2490 desiderantur
1771 2447 1784 2486 :
1838 2431 2034 2486 adsunt
2062 2440 2239 2485 autem
2283 2429 2337 2481 in

754 2529 966 2584 laudem
987 2528 1046 2584 8.
1069 2530 1247 2595 Agnes
1289 2526 1524 2581 carmina
1554 2523 1940 2589 Constantium,
1997 2520 2337 2579 Constantini

755 2619 880 2675 illia:
910 2629 963 2674 et
990 2619 1046 2676 S.
1075 2619 1284 2674 liamasi
1315 2633 1482 2687 papae.

825 2713 884 2768 6°
913 2711 1084 2767 Codex
1113 2711 1386 2763 Vaticanus
1443 2708 1604 2772 4318,
1657 2723 1777 2776 pag.
1829 2705 1918 2769 52,
1963 2703 2166 2759 saeculo
2219 2717 2334 2765 sui,

754 2803 1096 2864 eliartaceus,
1130 2799 1269 2862 in-8,
1303 2799 1454 2865 cujus
1503 2796 1687 2850 titulus
1740 2808 1822 2850 eat
1881 2795 1933 2848 in
1986 2792 2230 2870 catalogo
2262 2790 2338 2843 bi.

754 2893 1036 2945 btimhecm
1080 2890 1348 2942 Vaticana:
1386 2905 1397 2940 :
1450 2884 1814 2940 Commentarii
1845 2899 2000 2949 super
2055 2879 2338 2934 Prudentia

754 3003 820 3039 οε
847 3000 1087 3039 (τοιυιιιιλ
1116 2983 1443 3036 historiarum
1465 2978 1658 3032 Veteris
1672 2994 1732 3030 ac
1750 2975 1800 3031 Ν
1807 2978 1886 3028 ovi
1907 2972 2213 3028 Testamenti
2234 2973 2333 3040 (a).

824 3079 887 3130 7°
917 3076 1088 3130 Codex
1140 3073 1417 3128 Vaticanus
1461 3071 1622 3135 5356,
1673 3069 2153 3129 menibranaceus,
2201 3065 2336 3126 ino-i,

753 3169 953 3224 siccqu
984 3181 1098 3229 xm,
1133 3168 1186 3219 in
1209 3164 1450 3232 catalogo
1471 3160 1812 3215 bibliothecas
1859 3156 2127 3210 Vaticana:
2155 3153 2343 3209 inscri-

2438 1975 2544 2043 61
2557 1986 2774 2027 carmen
2793 1968 3206 2040 Psychomachiai
3225 1968 3324 2038 (b).
3343 1966 3509 2020 Nulla:
3527 1965 3979 2032 suntdlphthongi
4009 1979 4024 2018 :

2439 2064 2695 2120 scribitur
2721 2063 2861 2117 horis
2891 2078 2984 2130 pro
3007 2063 3130 2126 oris,
3155 2069 3368 2127 tempto,
3397 2060 3692 2127 alumpnus,
3724 2067 3829 2113 etc.
3894 2057 4027 2111 liuic

2438 2155 2612 2211 codici
2640 2169 2836 2209 nomen
2868 2151 2913 2208 0
2951 2153 3295 2222 imponimus.

2508 2249 2566 2302 2"
2597 2245 2772 2302 Codex
2811 2245 3089 2300 Vaticanus
3117 2243 3493 2299 Alexandrina
3513 2244 3605 2308 7s,
3632 2242 4023 2306 membranac.,

2439 2341 2582 2401 iii-8.
2613 2354 2741 2394 saec.
2771 2355 2822 2394 XI
2851 2340 2935 2394 vel
2966 2354 3062 2403 an,
3099 2336 3356 2392 Carmina.
3391 2336 3514 2390 Haec
3541 2345 3717 2391 autem
3746 2333 4024 2390 sunt-libri

2441 2432 2864 2496 Cathemerinon,
2909 2438 2965 2484 et
2994 2427 3407 2498 Peristephartan
3454 2441 3622 2496 Itaque
3666 2425 3736 2478 ad
3765 2424 4024 2496 hymnum

2441 2525 2498 2580 S.
2537 2524 2782 2585 Romani,
2844 2537 2989 2576 vers.
3051 2521 3189 2588 Quid
3227 2520 3320 2572 illa
3360 2519 3519 2581 turpis
3566 2518 3794 2586 pompa?
3841 2533 4020 2588 nempe

2439 2614 2705 2684 ignobiles.
2737 2611 2988 2667 Prtci'atio
3015 2611 3215 2665 nullam
3248 2609 3408 2664 habet
3430 2607 3866 2677 inscriptionem.
3888 2608 4014 2661 Post

2439 2704 2853 2759 Praefationem:
2890 2702 3081 2773 Incipit
3124 2701 3340 2770 hymnus
3389 2709 3505 2753 ante
3549 2698 3735 2765 lucem,
3790 2705 3845 2753 et
3893 2699 3946 2764 in
3978 2699 4023 2754 Α

2439 2795 2585 2850 vocis
2631 2795 2740 2848 ales
2769 2793 3074 2863 depingitur
3119 2791 3311 2862 gallus.
3362 2789 3551 2844 Postea
3583 2804 3600 2844 :
3632 2788 3866 2858 Hymnus
3915 2806 4023 2842 nia-

2438 2887 2650 2939 tutinus.
2697 2884 2753 2938 In
2783 2885 3004 2955 hymno,
3055 2881 3297 2936 Inventor
3321 2880 3468 2934 rutili
3520 2882 3629 2934 dua:
3657 2882 3783 2934 bone
3809 2881 4022 2935 luminis

2439 2977 2617 3031 nullus
2644 2986 2729 3031 est
2759 2976 2963 3030 titulus.
2995 2974 3052 3029 iit
3081 2973 3304 3043 hymno.
3355 2969 3438 3024 Da
3464 2987 3593 3040 puer
3632 2974 3878 3040 plectrum
3904 2970 4024 3025 alio:

2438 3069 2540 3121 reis
2566 3077 2620 3120 ut
2652 3083 2830 3120 canam
2858 3065 3115 3134 ﬁdelibus,
3147 3065 3332 3118 titulus
3349 3063 3459 3132 jam
3491 3061 3724 3116 evanuit.
3760 3060 4021 3132 Hymnus,

2446 3158 2579 3212 Deus
2601 3159 2745 3227 ignee
2773 3160 2888 3226 fons
2909 3157 3219 3220 animarum,
3246 3154 3382 3208 hanc
3409 3153 3570 3207 habet
3591 3154 4021 3222 inscriptionem:

753 3269 877 3326 pius
905 3274 918 3310 :
951 3256 1222 3309 Prudentii
1251 3254 1376 3306 liber
1397 3254 1460 3305 de
1497 3249 1797 3318 quibusdam
1846 3249 1968 3300 viris
2022 3246 2212 3299 Veteris
2239 3243 2336 3299 Te-
2365 3243 2411 3306 C
2445 3247 2682 3317 Hymnus
2709 3249 2776 3298 ad
2820 3246 3085 3314 exsequias
3123 3253 3458 3298 mortuorum.
3505 3244 3702 3297 Desunt
3752 3243 3933 3314 hymni
3961 3244 4026 3296 de

753 3347 1008 3402 stamenti.
1039 3346 1093 3400 in
1125 3344 1306 3398 codice
1332 3352 1413 3396 est
1439 3342 1625 3396 titulus
1675 3357 1686 3391 :
1744 3336 1937 3408 Incipit
1960 3339 2024 3392 de
2070 3338 2234 3390 Adam
2287 3347 2334 3390 et

745 3440 887 3494 Eva.
921 3441 975 3493 in
1007 3440 1108 3492 fine
1141 3456 1154 3489 ι
1192 3436 1417 3502 Explicit
1449 3435 1574 3488 liber
1597 3431 1885 3486 Prudentii.
1943 3430 2139 3484 Prima:
2189 3428 2332 3483 litte—

745 3548 832 3587 τε
867 3541 991 3585 sunt
1028 3529 1383 3583 versicolores
1428 3544 1440 3577 :
1488 3525 1628 3578 tituli
1680 3524 2114 3579 tetrastichorum
2171 3523 2336 3576 minio

760 3622 973 3686 notati,
1033 3621 1126 3674 sed
1157 3621 1207 3672 in
1235 3618 1382 3672 Novo
1421 3618 1765 3672 Testamento
1813 3616 1988 3668 solum
2044 3621 2128 3667 est
2155 3613 2336 3667 titulus

755 3715 999 3783 primus:
1042 3711 1119 3764 De
1166 3709 1312 3763 Novo
1370 3709 1711 3771 Testamento,
1770 3719 1818 3760 et
1877 3705 2111 3759 Gabriele
2151 3705 2334 3757 nuntio

753 3807 960 3859 Christi.
995 3801 1384 3872 Orthographia
1411 3810 1494 3854 est
1519 3796 1819 3868 hujusmodi
1850 3814 1864 3850 :
1893 3811 2110 3868 sopnus,
2152 3797 2331 3858 archo,

755 3898 1052 3958 cratherem,
1086 3891 1283 3958 fauilla,
1310 3902 1470 3960 nuptu
1501 3903 1597 3957 pro
1621 3899 1769 3943 nutu.
1802 3887 1960 3942 Plura
2007 3885 2201 3941 menda
2243 3897 2335 3940 oc-

754 3993 995 4038 currunt.
1028 3983 1230 4037 Nomen
1251 3982 1370 4034 huic
1401 3981 1621 4035 iecimus
1654 3977 1718 4031 D.

826 4075 881 4127 8”
911 4072 1083 4125 Codex
1117 4070 1397 4124 Vaticanus
1424 4067 1585 4132 5821,
1630 4068 2053 4138 antiquissimus,
2085 4075 2337 4121 exaratus

741 4166 953 4221 sarculo
983 4180 1032 4218 ts
1067 4163 1362 4217 velsaltem
1410 4177 1464 4226 ι,
1515 4169 1572 4215 ιιι
1620 4160 1670 4214 in
1720 4159 1960 4228 catalogo
2001 4157 2335 4214 bbiiothecm

2442 3339 2625 3392 Natali
2654 3349 2707 3393 et
2740 3336 3037 3408 Epiphania
3072 3337 3296 3392 Domini.
3343 3335 3594 3405 Sequitur
3637 3334 3769 3390 liber
3795 3334 4026 3389 Periste-

2439 3433 2657 3499 pltanwn
2685 3430 2804 3485 sine
2834 3431 2989 3484 titulo
3019 3432 3117 3497 (ε).
3170 3426 3358 3482 Pauca:
3399 3436 3525 3480 sunt
3551 3426 3905 3496 diphthongi:
3934 3443 4027 3480 or-

2442 3524 2775 3592 thographia,
2809 3523 3111 3584 sollepnem,
3143 3522 3466 3585 lauachrum,
3509 3522 3737 3590 hyemps.
3765 3521 3822 3574 in
3853 3523 4024 3590 ptitna

2443 3615 2616 3668 littera
2649 3614 2994 3680 praiationis,
3019 3611 3123 3666 Per
3149 3613 3512 3682 quinquennia,
3545 3615 3717 3681 imago
3743 3611 4023 3669 Prudentii

2441 3717 2557 3762 erat
2583 3707 2816 3775 depicta,
2849 3715 3102 3775 quantum
3133 3705 3384 3773 colligere
3415 3719 3661 3772 possum,
3702 3703 3891 3760 eodem
3927 3720 4025 3760 ve-

2441 3801 2538 3854 stis
2568 3813 2766 3867 genere
2796 3812 2902 3866 quo
2929 3797 2980 3850 in
3009 3795 3192 3850 codice
3225 3793 3520 3851 Urbinate:
3552 3794 3870 3850 lineamenta
3911 3797 4025 3853 oris

2439 3890 2653 3959 penitus
2701 3898 2824 3942 sunt
2861 3900 3039 3943 erasa.
3083 3886 3216 3940 Vide
3260 3901 3407 3940 num.
3437 3885 3526 3950 58,
3577 3887 3755 3954 cap.i
3807 3886 4024 3958 Proleg.

2438 3978 2605 4046 iiujus
2634 3977 2834 4033 codicis
2864 3992 3057 4032 nomen
3085 3986 3170 4031 est
3202 3976 3247 4031 P
3275 3977 3328 4030 in
3370 3976 3566 4032 nostris
3591 3979 4010 4034 commentariis.

2511 4072 2574 4126 ὄσ
2605 4069 2780 4126 Codex
2818 4070 3097 4125 Vaticanus
3120 4070 3498 4125 Alexandrinus
3529 4069 3656 4136 521,
3685 4071 4022 4126 membrana-

2440 4176 2594 4229 cens,
2639 4162 2694 4218 in
2742 4161 2867 4217 lolio
2917 4177 3133 4232 magno,
3181 4163 3376 4217 siccqu
3418 4178 3450 4216 ι
3493 4161 3703 4217 circiter
3747 4172 4016 4218 exaratos.

756 4331 849 4386 12⁸
875 4330 930 4385 8.
957 4325 1297 4388 Laurentius;
1330 4324 1424 4377 13°
1455 4323 1514 4375 S.
1533 4321 1732 4393 Eulalia
1754 4340 1767 4386 ;
1786 4321 1875 4393 ιιο
1897 4321 2056 4375 Liber
2077 4321 2142 4374 de
2175 4323 2333 4376 beato
2362 4327 2415 4388 D
2439 4323 2654 4379 nomine
2670 4324 2811 4378 hunc
2837 4323 3074 4378 codicem
3104 4322 3458 4393 pmlerimus.
3491 4322 3599 4375 Cur
3621 4333 3798 4377 autem
3858 4323 4019 4378 Ditto—

756 4403 998 4454 llomano
1075 4408 1342 4465 martyre;
1396 4393 1490 4446 15°
1552 4392 1752 4447 Natalis
1820 4392 2062 4455 Domini;
2107 4394 2196 4447 16°
2257 4393 2335 4448 De

756 4470 1077 4521 Epiphania.
1457 4504 1460 4506 ν

756 4471 1077 4526 Epiphania.
1457 4504 1460 4506 η

808 4485 1139 4607 Ὗιῆυιῗξῖὲξ
1163 4534 1361 4607 codicis
1383 4504 1645 4607 incipiunt
1663 4534 2182 4607 commentarii‘cum
2208 4533 2338 4598 ipsis

760 4603 1086 4662 tetrastichis
1119 4605 1421 4668 Dittochaei,
1449 4615 1504 4659 et
1535 4604 1736 4668 titulus,
1767 4615 1820 4656 ut
1853 4604 1922 4657 ibi
1956 4603 2168 4668 dicitur,
2195 4616 2276 4657 est
2320 4621 2334 4658 :

760 4679 951 4746 Incipit
980 4687 1157 4729 auctor
1207 4673 1476 4746 Prudentii
1507 4679 1576 4746 de
1627 4689 1754 4746 nova
1797 4676 2043 4746 columba
2087 4675 2338 4746 (fortasse

759 4741 1066 4817 legendum,
1097 4746 1162 4817 de
1195 4743 1580 4817 Epacolumba)
1625 4744 1956 4817 historiarum
2008 4741 2196 4817 Veteris
2241 4744 2339 4817 Te-

758 4812 994 4871 stamenti
1020 4825 1068 4869 et
1097 4813 1251 4867 Novi.
1268 4812 1411 4868 Finit
1436 4829 1555 4866 cuin
1581 4813 1892 4883 tetrasticho
1915 4814 1982 4866 de
1999 4813 2336 4883 Apocalypsi.

757 4890 1006 4955 Sequitur
1035 4900 1153 4955 pag.
1169 4886 1238 4939 65
1252 4884 1353 4937 alia
1369 4885 1631 4953 expositio
1654 4887 1777 4955 aur.
1808 4881 2075 4955 Prudentii
2097 4881 2336 4936 historia-

759 4953 876 5009 runt
909 4972 925 5008 :
972 4953 1047 5010 ac
1087 4953 1300 5008 notatur
1341 4963 1610 5006 auctorem
1663 4954 1911 5007 habuisse
1950 4953 2048 5007 tria
2081 4955 2292 5007 nomina
2317 4996 2334 5022 ,

765 5025 1096 5083 Prudentius.
1127 5025 1247 5092 quia
1281 5024 1500 5088 prudens
1527 5022 1950 5092 luit;_Aureolus,
1981 5025 2102 5090 quia
2125 5039 2337 5079 auream

761 5098 923 5149 vitam
956 5090 1422 5158 όυιίιςᾜίεηιεησ,
1453 5095 1572 5160 quia
1607 5090 1698 5163 [ιε’.
1731 5092 1907 5162 quasi]
1936 5097 2046 5146 σαειέ
2079 5110 2239 5159 mens,
2271 5111 2337 5149 eo

761 5167 898 5232 quod
926 5175 1156 5218 mentem
1177 5167 1224 5215 in
1244 5163 1548 5216 caelestibus
1573 5163 1834 5215 habuerit.
1858 5163 2116 5220 Additur:
2141 5163 2340 5217 Dicitur

760 5233 884 5287 liber
909 5236 1004 5286 iste
1033 5233 1385 5295 DITTOCBEUS,
1429 5232 1482 5284 id
1513 5243 1606 5292 est,
1662 5233 1867 5293 refectio
1928 5233 2118 5288 Veteris
2159 5233 2338 5288 Testa-

763 5305 917 5356 menti
944 5313 989 5357 et
1021 5301 1220 5355 Noui...
1252 5303 1432 5354 titulus
1455 5303 1572 5354 talis
1599 5312 1670 5356 est
1701 5316 1718 5354 :
1772 5300 1967 5364 Incipit
2020 5302 2336 5358 Prudentius

765 5372 1054 5426 tractansde
1082 5369 1246 5424 Veteri
1270 5381 1316 5423 et
1352 5369 1491 5424 Novo
1519 5370 1862 5425 Testamento.
1907 5374 2196 5428 Character
2251 5386 2336 5429 est

762 5441 1027 5509 sequioris
1058 5442 1212 5510 aevi,
1273 5442 1609 5510 etymologia!
1657 5443 1913 5505 ridicula,
1963 5447 2332 5498 commentarii

764 5514 918 5563 nobis
940 5509 1174 5581 inutiles.
1204 5509 1364 5581 etiam
1405 5525 1524 5563 cum
1565 5525 1775 5576 manus,
1826 5514 2048 5581 margini
2095 5516 2329 5581 appicta,

766 5581 942 5634 animo
966 5580 1170 5634 intento
1197 5578 1344 5646 jubet
1371 5594 1493 5634 esse
1533 5582 1806 5636 lectorem.
1851 5578 2030 5651 Itaque
2077 5578 2195 5638 sine
2226 5578 2331 5638 ullo

2443 4396 2642 4448 charum
2677 4397 2892 4448 inscribi
2925 4397 3094 4448 soleat
3123 4401 3186 4448 de
3205 4395 3454 4455 columba,
3477 4410 3623 4447 unm.
3647 4393 3713 4446 85
3743 4395 3874 4448 dixi.

2520 4465 2594 4534 (b)
2620 4464 2758 4519 Nulli
2788 4473 2910 4518 sunt
2935 4466 3072 4518 tituli
3104 4480 3274 4535 neque
3301 4465 3351 4517 in
3401 4466 3535 4516 libro
3566 4465 4018 4529 Cathemerinon,

2447 4550 2620 4604 neque
2647 4536 2698 4588 in
2735 4535 3148 4606 Psychomachia
3183 4554 3211 4606 7:,
3257 4535 3430 4587 solum
3463 4535 3660 4606 in_iioe
3700 4535 4021 4606 i’syctioma-

2443 4603 2580 4660 chite
2607 4603 2858 4660 notatur:
2894 4603 2990 4658 Hic
3015 4606 3130 4672 ﬁnit
3155 4604 3280 4658 liber
3320 4615 3476 4670 poetic
3519 4603 3802 4658 Prudentii.
3833 4603 4013 4666 Fides,

2444 4677 2689 4748 idolatria
2712 4676 2860 4748 (sic),
2883 4676 3150 4744 pudicitia,
3181 4675 3363 4748 libido,
3414 4674 3679 4748 patientia,
3723 4673 3820 4740 ira,
3849 4677 4021 4728 humi-

2444 4747 2584 4811 litas,
2611 4745 2866 4810 superbia,
2890 4748 3149 4813 sobrietas,
3179 4745 3405 4809 luxuria,
3439 4745 3741 4813 benignitas.
3769 4748 4014 4811 araritia,

2444 4818 2737 4880 concordia,
2772 4817 3052 4870 discordia.
3102 4815 3156 4869 in
3205 4817 3310 4869 iiue
3353 4831 3478 4869 vero
3525 4815 3643 4870 libri
3682 4814 4018 4871 Cathemeri-

2445 4903 2559 4941 nam
2585 4903 2598 4939 :
2623 4885 2848 4954 Explicit
2878 4887 3003 4940 liber
3024 4885 3308 4939 Prudentii.

2517 4962 2593 5023 (ε)
2627 4953 2720 5011 llic
2766 4961 3084 5028 hymnorum
3135 4955 3268 5028 ordo
3293 4971 3328 5028 _:
3367 4953 3549 5028 i’ASS.
3592 4954 3922 5028 ijemeterius
3967 4969 4020 5012 ct

2446 5027 2762 5082 Celedooius
2803 5025 2920 5082 sine
2969 5027 3155 5089 titulo;
3203 5025 3263 5079 2°
3289 5025 3470 5078 Passio
3517 5025 3904 5091 S.Viocentii;
3961 5029 4019 5084 3'

2450 5098 2630 5150 Passio
2659 5099 2757 5153 SS.
2786 5096 3083 5151 octodecim
3135 5106 3455 5166 martyrum;
3501 5095 3558 5148 4⁸
3591 5095 3771 5150 Pa~sio
3792 5099 3853 5166 Si.
3883 5099 4021 5152 Fru-

2447 5171 2647 5232 ctuosi;
2699 5169 2753 5222 5°
2783 5169 2966 5222 Passio
2993 5167 3050 5221 S.
3082 5165 3319 5232 Quirini;
3367 5167 3428 5220 6°
3455 5166 3572 5220 sine
3605 5168 3775 5233 titulo,
3809 5165 4022 5223 Electus

2445 5235 2648 5290 Christo
2678 5239 2818 5291 locus
2844 5249 2938 5291 est.
2965 5248 3102 5300 etc.;
3131 5235 3187 5290 7’
3220 5235 3400 5290 Passio
3429 5235 3485 5289 S.
3514 5237 3782 5301 Cassiani;
3811 5236 3874 5291 8°
3903 5239 4021 5294 sine

2446 5308 2598 5360 titulo
2626 5309 2854 5378 hymnus
2886 5309 2943 5363 S.
2979 5306 3274 5378 Hippolyti;
3318 5306 3377 5360 9‘
3399 5305 3590 5378 Passio
3747 5310 4012 5372 apostolo

2445 5393 2560 5430 rum
2593 5373 2734 5432 1)μὶτί
2763 5388 2815 5431 et
2848 5378 3024 5440 Pauli;
3050 5373 3145 5432 ’10⁸
3171 5373 3350 5431 Passio
3380 5376 3436 5430 8.
3469 5373 3754 5444 Cypriani;
3784 5377 3870 5431 ii‘
3894 5377 4020 5432 Pas.

2445 5448 2610 5518 sio_S.
2635 5449 2854 5516 Agnetis
2881 5449 2981 5514 (sic
3010 5444 3247 5512 scribit);
3299 5445 3548 5518 i_2’_sine_
3586 5446 3744 5500 titulo
3790 5449 4019 5518 hymnus

2443 5519 2500 5570 8.
2537 5515 2836 5579 Laurentii;
2892 5518 2981 5572 13‘
3034 5519 3262 5588 hymnus
3310 5516 3366 5572 8.
3403 5515 3620 5588 Eulalia;
3661 5519 3777 5573 sine
3827 5515 4016 5582 ittuio;

2446 5589 2510 5639 is
2549 5588 2777 5657 hymnus
2807 5589 2864 5644 8.
2902 5586 3125 5642 Romani
3156 5589 3271 5640 sine
3300 5586 3472 5640 titulo.

762 5713 1020 5820 “Atinius
1041 5711 1222 5761 codicis
1243 5719 1296 5782 _et
1319 5712 1656 5762 nonnullorum
1676 5713 1795 5784 intra
1818 5718 2068 5766 citatorum
2093 5719 2343 5779 specimen
2377 5719 2424 5766 in
2480 5718 2640 5791 fronte
2683 5723 2798 5771 tomi
2841 5719 3072 5783 habetur,
3091 5720 3174 5768 ubi
3199 5721 3343 5768 etiam
3362 5721 3585 5771 inveniet
3605 5719 3758 5770 lector
3781 5719 4020 5784 imagines

891 5777 1066 5820 iactus
1084 5772 1149 5820 de
1173 5775 1351 5820 quibus
1374 5776 1546 5820 nas-sim
1570 5784 1753 5820 mentio
1777 5777 1889 5820 ﬂet-
1927 5785 2104 5820 nni-tor
2141 5791 2314 5820 mut-ns
2345 5794 2465 5820 αηςιςι
2490 5786 2576 5820 imi
2607 5785 2837 5820 ιηαηιίηηι
2861 5784 3177 5820 utilium-imus-
3206 5779 3342 5820 ιζιιπ-

891 5772 1066 5824 incisas
1084 5772 1149 5820 de
1173 5773 1351 5832 quibus
1374 5776 1546 5833 passim
1570 5778 1753 5826 mentio
1777 5777 1860 5827 tiet
1875 5815 1890 5838 ,
1927 5785 2104 5838 pra-ter
2121 5772 2314 5840 'paucas
2345 5794 2465 5840 quas
2490 5785 2577 5844 ipsi

1634 5778 1753 5826 sntio
1777 5777 1890 5838 tiet,
1927 5772 2314 5840 pr.i-ter'paticas
2345 5794 2465 5840 quas
2490 5785 2577 5844 ipsi
2606 5785 2838 5834 mentionl
2861 5772 3178 5845 subjeciinus.
3206 5779 3341 5832 Enn.
