4504 6418
164 415 270 469 625

1540 402 2068 458 PROLEGOMENA.

3348 401 3456 457 626

159 530 319 585 Initio
360 524 683 582 describitur
726 525 955 594 elogium
995 520 1292 581 Prudentii,
1335 519 1576 572 Aurelius
1610 517 1741 572 Pru-
1783 524 1830 579 Α
1861 523 2093 576 dicamus
2120 527 2309 593 potius,
2335 522 2567 576 eumdem
2593 536 2700 573 esse
2714 537 2774 571 ac
2794 522 2961 589 ipsum
2983 530 3183 589 poclum
3206 516 3458 573 Christia-

158 623 368 677 dentius
393 619 625 675 Clemens
650 610 756 671 iste
798 616 988 685 partim
1028 616 1083 666 in
1121 612 1413 675 consulatu,
1454 619 1587 674 etc.,
1642 611 1755 665 fere

157 726 214 770 ιιι
242 728 395 768 num.
427 692 497 767 49
524 725 591 767 ex
621 708 747 763 cod.
773 707 892 760 Vat.
925 706 1067 761 3859
1097 703 1275 774 posui.
1307 704 1443 757 Tum
1476 702 1756 770 inscriptio

156 814 209 859 et
233 802 498 858 elenchus
523 814 749 864 onerum
778 798 877 865 (a).
923 796 1081 850 Solus
1132 795 1216 849 hic
1263 798 1438 848 codex
1489 798 1629 848 inter
1668 803 1750 849 tot

157 894 448 948 Vaticanos
474 893 682 958 integer
704 899 807 953 est,
834 889 885 942 in
913 900 1017 953 quo
1049 886 1130 939 bis
1155 885 1433 940 cunclusio
1456 885 1754 938 carminum

156 985 503 1045 describitur,
529 981 757 1050 prinnun
790 986 909 1047 post
940 977 1104 1030 libros
1133 986 1318 1029 contra
1344 974 1753 1041 Symmachum,

157 1073 311 1143 quasi
341 1074 451 1143 62
480 1071 722 1139 epilogus
750 1083 959 1136 eorum,
992 1078 1102 1121 tum
1129 1074 1247 1135 pust
1267 1065 1476 1120 'l‘itulos
1505 1066 1759 1119 historia-

160 1182 280 1220 rum
309 1164 421 1217 sive
443 1164 817 1223 Dittochaeum,
842 1163 992 1227 quasi
1015 1158 1252 1213 omnium
1277 1166 1582 1226 poematum
1606 1159 1757 1211 clau-

159 1257 301 1309 sula.
341 1252 720 1308 Characterem
761 1248 967 1315 codicis
994 1248 1087 1301 aeri
1131 1247 1361 1301 incisum
1391 1245 1751 1302 exhibemus:

159 1349 278 1416 ejus
309 1348 585 1401 variantes
631 1344 886 1399 lectiones
917 1351 1237 1396 annotamus
1274 1341 1374 1397 sub
1420 1341 1637 1397 nomine
1665 1358 1757 1397 co-

158 1440 295 1493 dicis
326 1437 699 1499 Alexandrini,
732 1436 847 1490 sive
876 1434 1029 1488 Alex.
1061 1432 1161 1503 (ὁ).

229 1532 291 1585 4⁸
321 1531 494 1586 Codea:
527 1529 809 1584 Vaticanus
836 1526 1210 1583 Alexandrinus
1238 1525 1368 1591 354,
1392 1532 1643 1580 exaratus
1662 1540 1758 1579 sa:-

161 1624 287 1680 culo
316 1641 348 1679 κ
372 1641 385 1677 :
415 1621 598 1700 Floras
628 1622 940 1689 psalmorum
967 1635 1085 1695 cum
1108 1618 1406 1685 prtefatione
1433 1618 1503 1671 ad
1522 1617 1752 1671 viduam.

162 1720 237 1773 Ita
266 1717 539 1783 catalogus
569 1727 791 1780 apertum
826 1710 1125 1774 Prudentii,
1155 1725 1315 1773 quem
1351 1724 1381 1761 a
1413 1708 1754 1763 bibliotheca:

166 1808 433 1861 Vaticanis
456 1803 784 1859 administris
814 1801 1017 1867 accepi.
1069 1799 1125 1854 In
1152 1799 1339 1855 codice
1383 1798 1500 1866 ipso
1534 1799 1649 1853 haec
1678 1803 1753 1852 le-

1859 628 2007 677 num,
2050 613 2137 681 qui
2182 614 2357 679 ﬂoruit
2395 612 2543 664 initio
2574 626 2603 662 ν
2632 612 2831 665 steculi.
2874 608 2941 662 Et
2972 620 3153 677 postea
3180 608 3193 661 ἑ
3218 607 3361 661 Inter
3391 610 3452 664 L.

1863 702 2122 770 Zaccagni
2147 702 2255 772 63
2287 702 2441 754 libros
2469 701 2719 757 inventus.
2752 700 2945 767 Operis
2976 700 3254 766 inscriptio
3279 718 3291 752 :
3315 698 3459 753 Inci-

1860 794 1935 861 pit
1967 792 2280 847 Psalterium
2317 790 2611 853 Prudentii,
2647 790 2885 854 Domine,
2927 807 3021 844 res:
3048 790 3459 844 clementissime.

1861 884 2015 939 Hunc
2044 885 2286 939 codicem
2317 883 2499 945 retuli,
2546 884 2671 953 quia
2722 882 2862 937 inter
2893 881 3108 937 codices
3138 881 3462 936 Prudentia-

1860 992 1962 1031 nos
2000 977 2052 1029 in
2097 976 2344 1045 catalogo
2389 974 2731 1030 bibliotheca:
2768 974 3035 1028 Vaticana:
3085 975 3339 1028 collatum
3381 972 3463 1028 in-

1860 1069 2006 1124 veni.
2037 1068 2241 1123 Auctor
2271 1077 2447 1122 autem
2493 1083 2599 1121 non
2647 1078 2732 1123 est
2764 1068 3015 1122 Aurelius
3042 1066 3293 1137 Clemens
3325 1069 3463 1123 Pru—

1860 1157 2098 1225 dentius,
2149 1158 2245 1214 sed
2295 1160 2436 1213 alius
2486 1159 2833 1223 Prudentius,
2877 1160 3083 1215 scilicet
3142 1160 3465 1214 Prudentius

1860 1250 2115 1315 Galindo,
2158 1252 2377 1305 natione
2405 1250 2694 1319 Hispanus,
2730 1251 3018 1318 episcopus
3044 1250 3351 1309 Trecensis.
3396 1250 3465 1302 de

1860 1357 1968 1411 quo
1998 1341 2164 1395 videri
2198 1350 2373 1409 potest
2404 1340 2520 1396 Nic.
2549 1342 2816 1396 Antonius
2845 1343 2895 1395 in
2927 1341 3257 1395 Bibliotheca
3291 1344 3463 1393 veteri

1871 1430 2105 1500 Ilispana
2132 1430 2229 1498 (c).

1929 1524 1995 1578 5°
2034 1522 2208 1577 Codex
2242 1520 2521 1576 Vaticanus
2551 1521 2935 1576 Alexandrinus
2965 1521 3091 1581 548,
3122 1520 3424 1574 membran.
3449 1563 3461 1584 ,

1861 1615 2004 1681 in-8,
2034 1614 2216 1670 surculi
2258 1631 2344 1680 ix,
2388 1615 2509 1671 sine
2550 1614 2658 1669 ullo
2690 1616 2865 1671 titulo.
2902 1614 3133 1683 Incipit:
3183 1612 3287 1668 Per
3314 1619 3461 1685 quin-

1858 1708 2077 1775 quennia
2096 1710 2216 1778 jam
2255 1707 2446 1759 decem.
2476 1706 2533 1759 In
2584 1707 2721 1761 line:
2758 1704 2986 1775 Explicit
3018 1706 3274 1775 prmfatio.
3324 1705 3460 1759 Tum

1860 1800 1977 1852 haec
2004 1797 2278 1867 inscriptio
2311 1815 2325 1853 :
2356 1796 2548 1864 Incipit
2580 1797 2704 1851 liber
2737 1797 3063 1867 Hymnorum
3090 1799 3286 1851 Aurelii
3322 1798 3462 1851 Prn-

160 1914 232 1969 go
267 1914 285 1955 :
320 1897 778 1966 Prudentiiﬂores
823 1894 1140 1962 psalmorum
1182 1907 1299 1945 cum
1340 1892 1645 1960 praefatione
1687 1892 1755 1945 ad
1789 1897 1835 1958 Β
1860 1887 2022 1941 dcntii
2062 1886 2333 1942 Clementis
2388 1887 2695 1942 nobilissimi
2741 1903 2802 1940 ac
2857 1886 3214 1957 facundissimi
3276 1899 3461 1956 poetae.

161 1992 373 2045 viduam
402 1992 692 2042 charactere
718 1986 1128 2059 Longobardico.
1154 1984 1221 2038 Et
1249 1986 1300 2037 in
1334 1986 1505 2051 prima
1534 1984 1751 2051 pagina:

162 2082 341 2139 Codex
378 2080 654 2134 Vaticanus
702 2078 850 2131 habet
898 2093 990 2145 pro
1034 2075 1184 2129 titulo
1222 2090 1242 2129 :
1278 2074 1551 2129 Prudentii
1600 2077 1753 2144 ﬂores

162 2180 479 2241 psa'mornm
502 2187 618 2225 cum
643 2170 943 2241 praefatione
969 2166 1039 2221 ad
1060 2166 1287 2220 t-iduam.
1327 2165 1465 2221 Sane
1494 2168 1751 2236 antiquis-

163 2269 330 2319 simus
356 2264 439 2317 hic
468 2272 665 2324 auctor,
709 2260 953 2330 quoniam
982 2258 1276 2321 viduarum,
1310 2274 1398 2311 seu
1428 2258 1752 2310 diaconissa-

164 2374 282 2410 rum
308 2371 491 2409 nomen
518 2356 574 2407 in
602 2352 836 2406 Ecclesia
855 2353 970 2422 jam
995 2350 1087 2402 diu
1127 2349 1298 2403 desiit.
1330 2345 1492 2403 Forte
1524 2347 1755 2404 Pruden-

166 2450 271 2502 tius
312 2448 395 2501 hic
421 2447 489 2499 ad
519 2453 749 2515 tempera
789 2442 849 2497 S.
885 2439 1194 2512 Hieronymi
1222 2440 1541 2510 referendus,
1582 2442 1683 2495 nisi
1709 2452 1756 2495 et

240 2556 320 2625 (a)
352 2554 546 2609 Aurelii
578 2552 847 2608 Prudentii
884 2545 1291 2625 Clementisriri
1328 2554 1616 2606 consularis
1645 2555 1765 2607 libri

167 2623 382 2682 καί»ιένο
402 2643 596 2685 novem,
616 2625 994 2682 Catemerinon,
1028 2623 1359 2691 Apotheoses,
1389 2625 1759 2690 Amartigenia,

171 2697 608 2765 Psychomachia,
664 2706 838 2749 contra
884 2694 1293 2765 Symmachum,
1336 2694 1459 2765 liber
1503 2710 1539 2747 II
1585 2710 1763 2748 contra

169 2752 561 2837 Symmachum,
596 2752 879 2828 Romanus,
922 2752 1360 2837 Peristephanam,
1406 2764 1562 2817 Tituli
1601 2766 1761 2817 histo-

168 2834 389 2893 riarum.
418 2840 555 2891 Ante
583 2837 973 2903 praelationem,
1024 2834 1127 2888 Per
1154 2835 1499 2903 quinquennia
1532 2836 1646 2903 jam
1672 2839 1763 2889 de-

169 2925 300 2975 cem,
351 2918 434 2962 est
481 2906 778 2975 inscriptio,
830 2904 1098 2973 Prtrfatio,
1134 2916 1196 2975 iet
1237 2905 1368 2957 nihil
1408 2905 1583 2975 aliud.
1636 2907 1763 2959 Post

172 2972 371 3033 librum
405 2994 439 3031 ιι
486 2972 671 3031 contra
706 2972 1361 3046 8Υιηιιιεὰ1ιυιη]εςίιιιι·ε
1397 2972 1475 3026 De
1503 2978 1761 3042 apuscnlis

170 3051 281 3103 suis
310 3046 648 3107 Prudentius,
703 3042 946 3099 Immolat
975 3044 1078 3097 lleo
1106 3042 1275 3100 Patri.
1306 3052 1412 3098 etc.
1459 3059 1581 3099 cum
1616 3058 1763 3111 posta

171 3133 326 3173 remo
356 3132 512 3173 versu
540 3135 552 3169 :
580 3116 696 3181 Quo
724 3125 927 3185 regente
955 3116 1186 3185 vivimus.
1219 3112 1361 3185 Finit
1393 3126 1571 3169 contra
1606 3118 1764 3185 Sym-

170 3188 431 3241 machum.
479 3188 681 3241 Deintle
726 3205 738 3240 :
780 3184 1046 3256 Incipiunt
1090 3184 1251 3237 Tituli
1289 3184 1660 3256 historiarum.’
1697 3188 1763 3239 Et

172 3267 299 3327 post
327 3258 509 3313 titulos
549 3257 737 3313 eodem
788 3254 967 3327 reteri
1005 3255 1359 3327 charactere,
1392 3254 1663 3325 Epilogus,
1706 3259 1761 3310 id

171 3325 246 3383 est
276 3328 507 3382 clausula
533 3339 579 3382 et
602 3328 719 3395 ﬁnis
744 3326 859 3379 libri
885 3340 902 3378 :
936 3325 1083 3387 Pius,
1118 3325 1310 3392 ﬁdelis,
1344 3326 1607 3395 innocens,
1636 3343 1757 3381 cum

172 3413 333 3453 versu
366 3400 417 3452 in
446 3397 570 3463 ﬁne,
604 3397 715 3462 Quo
742 3406 941 3465 regente
961 3396 1194 3465 vivimus.

249 3467 323 3534 (ὁ)
353 3467 683 3523 Profecimus
711 3464 871 3521 etiam
900 3480 964 3520 ex
997 3464 1180 3519 labore
1222 3474 1279 3519 et
1307 3466 1564 3521 industria
1594 3468 1664 3522 cl.
1697 3467 1757 3522 P.

177 3539 454 3607 Peregrini
484 3537 700 3607 Chiesa,
731 3536 819 3605 qui
851 3537 978 3607 olim
1012 3535 1285 3589 Prudentii
1319 3538 1611 3591 editionem
1643 3554 1759 3591 me-

173 3606 397 3672 ditatus,
432 3606 621 3662 sedqu
666 3609 806 3661 hunc
834 3606 1074 3660 codicem
1103 3607 1429 3664 contulerat.
1462 3617 1517 3660 et
1544 3623 1663 3675 qum
1696 3624 1761 3661 ex

174 3695 245 3734 eo
270 3678 639 3738 adnotaverat.
670 3676 1071 3747 perhumaniter
1110 3676 1350 3747 exhibuit
1387 3678 1758 3732 exscribenda.

172 3751 272 3804 Cui
300 3749 462 3802 etiam
493 3744 769 3814 accept-um
808 3744 1009 3810 refero,
1057 3746 1198 3813 quod
1230 3746 1465 3803 editione
1507 3748 1570 3800 ad
1608 3762 1760 3801 usum

175 3818 428 3886 Delphini
469 3832 565 3883 per
596 3819 760 3871 otium
808 3817 883 3870 uti
936 3830 1183 3885 possum,
1229 3832 1385 3880 quam
1436 3818 1760 3871 uerissimam

170 3906 298 3945 esse
314 3891 422 3958 jam
454 3890 655 3942 monui.
690 3887 747 3941 In
774 3887 957 3942 codice
984 3901 1113 3940 vero
1136 3887 1499 3958 Alexandrino
1516 3888 1760 3953 qtizedam

172 3958 555 4021 animadverti.
608 3957 857 4024 peculiari
908 3958 1255 4011 adnotatione
1305 3957 1484 4025 digna.
1530 3958 1593 4010 Ili
1637 3969 1759 4011 sunt

173 4032 497 4103 hymnorum
530 4030 664 4103 tituli
698 4046 711 4082 :
745 4027 977 4103 Hymnus
1003 4029 1071 4079 ad
1102 4028 1236 4103 galli
1255 4038 1493 4090 cantum;
1526 4026 1761 4103 Hymnus

173 4097 492 4162 matutinus;
538 4099 769 4168 Hymnus
804 4098 872 4150 ad
916 4098 1177 4168 incensum
1218 4098 1473 4161 lucerna’;
1522 4097 1761 4168 Hymnus

170 4173 315 4248 circa
341 4156 881 4248 eisequias'defuncti,‘
913 4165 1147 4248 Hymnus
1172 4182 1271 4248 vni
1292 4156 1535 4248 kalendas
1558 4156 1761 4248 Ianua-

173 4243 317 4305 rios;
356 4239 597 4309 Hymn“
626 4236 1296 4309 in‘EpiphaniaLcmteri,
1347 4247 1403 4290 ut
1431 4240 1482 4291 in
1508 4239 1756 4309 vulgatis.

180 4312 312 4365 I’ost
339 4304 529 4363 lib'rutn
561 4304 1014 4374 Cathemerinon,
1057 4304 1249 4371 Incipit
1285 4304 1622 4375 Apotheoses,
1667 4307 1760 4362 Est

173 4384 277 4435 tria
302 4397 500 4433 summa
532 4377 694 4443 Deus,
734 4387 869 4441 etc.,
908 4392 1030 4445 cum
1060 4378 1223 4431 titulis
1252 4378 1633 4445 sequentibus;
1670 4378 1762 4430 Iu-

169 4451 297 4519 cipit
336 4458 512 4503 contrs
554 4449 809 4511 heresim,
851 4462 964 4516 qua:
996 4444 1205 4501 Patrem
1254 4444 1463 4517 passum
1505 4449 1745 4571 aﬁrmat.

172 4520 365 4571 Contra
394 4518 684 4571 Unionitas.
716 4521 995 4571 Adversum
1024 4518 1256 4571 Judwas.
1305 4518 1494 4571 Contra
1578 4535 1733 4571 omun

172 4518 365 4574 Contra
394 4518 684 4573 Unionitas.
716 4521 995 4571 Adversum
1024 4518 1256 4571 Judwas.
1305 4518 1494 4571 Contra
1521 4518 1758 4571 Ilomun-

170 4591 412 4644 cionitas.
438 4590 511 4641 De
534 4598 719 4640 natura
747 4590 951 4641 animm.
983 4587 1261 4641 Adversum
1288 4587 1756 4653 P/mntasmaticos,

168 4663 260 4727 qui
282 4656 541 4732 Christum
562 4667 747 4732 negayt
768 4673 942 4732 verum
966 4672 1154 4732 corpus
1175 4658 1599 4732 hab_uisse._l~‘init
1616 4661 1755 4732 Apo-
1787 4674 1837 4732 ι)

170 4724 384 4784 ιἸιεοειε.
419 4724 651 4783 Ι)ρὶηάθέ
676 4724 866 4793 Incipit
893 4727 1239 4797 Amartigenia
1264 4729 1407 4782 liber.
1438 4729 1503 4797 Et
1532 4730 1581 4781 in
1609 4724 1712 4781 line
1739 4748 1751 4780 :

172 4797 323 4851 Finit
363 4799 707 4866 Amartigenia
745 4797 834 4850 lib.
870 4813 943 4867 ut.
990 4794 1123 4849 Tum
1160 4794 1391 4866 :Incipit
1432 4796 1755 4867 Psycltoma-

170 4870 292 4921 chia
318 4868 445 4921 liber
468 4884 564 4922 ιιιι.
596 4868 720 4936 Post
738 4866 1100 4936 praefationem
1126 4868 1261 4919 tituli
1289 4866 1753 4932 nim-ginialllgun—

170 4949 282 5003 tur,
306 4949 361 4992 et
401 4940 450 4989 in
486 4938 591 4991 line
616 4956 628 4990 :
656 4935 799 4989 Finit
828 4937 953 4989 liber
987 4952 1040 4989 ιη
1076 4935 1499 5005 Psychomachia.
1549 4938 1626 4991 De
1657 4942 1754 4991 hac

170 5008 484 5062 diversitate
502 5008 820 5061 numerandi
849 5008 1034 5066 libros.
1070 5007 1225 5058 latins
1252 5010 1301 5059 in
1326 5010 1747 5061 commentariis.

173 5078 299 5131 Post
336 5077 827 5146 Psychomachiam,
860 5074 1049 5144 Incipit
1079 5088 1256 5128 contra
1282 5080 1562 5130 o-ationem
1595 5077 1750 5145 Sym«

171 5148 341 5199 machi
368 5146 491 5199 liber
518 5164 553 5201 I.
586 5148 646 5200 Et
672 5159 790 5213 post
814 5150 955 5199 hunc
978 5162 993 5197 :
1023 5146 1246 5213 Explicit
1268 5161 1445 5197 contra
1472 5150 1754 5200 orationem

172 5218 471 5286 Symmachi
501 5219 625 5286 liber
649 5232 686 5270 ι.
737 5215 937 5286 Incipit
970 5216 1094 5268 liber
1126 5232 1184 5280 tt,
1234 5217 1450 5281 feliciter
1496 5234 1663 5273 nmen.
1698 5218 1751 5269 lu

174 5284 317 5343 Sile:
367 5288 559 5340 Aurelii
594 5284 863 5339 Prttdcntii
904 5285 1177 5338 Clementis
1220 5286 1276 5337 γ.
1311 5290 1369 5339 C.
1415 5288 1526 5355 ﬁnit
1578 5301 1755 5341 contra

172 5357 541 5425 Symmachum
570 5358 695 5409 liber
727 5372 780 5409 II.
820 5355 1259 5427 Incipitiejusdetn
1294 5355 1557 5427 llgmanus
1578 5370 1757 5409 contra

166 5424 579 5508 gemmeum
622 5428 875 5508 hymnum
1008 5424 1237 5508 Ilpmani
1282 5424 1471 5508 init
1497 5426 1757 5508 Romanus

168 5493 365 5551 Aurelii
402 5493 674 5550 Prudentii
710 5494 1003 5549 Clementis.
1044 5493 1239 5563 Incipit
1277 5495 1403 5547 liber
1430 5493 1758 5562 Periﬁepha-

165 5584 291 5621 non.
321 5568 466 5621 Ordo
509 5577 562 5620 et
592 5566 727 5618 tituli
770 5565 1089 5634 hymnorum
1140 5575 1265 5619 sunt
1296 5583 1310 5619 :
1344 5565 1394 5618 I'
1431 5566 1669 5633 Ilymnns
1703 5566 1754 5620 in

172 5637 432 5690 honorem
460 5636 559 5690 SS.
596 5633 886 5699 Martyrum
920 5633 1167 5687 Emeterii
1197 5646 1251 5688 et
1280 5635 1605 5697 Chelidonii,
1657 5637 1760 5687 (In-

168 5705 752 5787 lagurritanorumn."2°
782 5705 965 5786 Incipit
998 5704 1177 5787 PnSSltt
1209 5707 1478 5787 Laurentii
1513 5708 1758 5787 bellissi-

168 5775 241 5847 nti
270 5776 539 5847 martyris.
572 5775 630 5828 3°
662 5775 1262 5847 Ilt-mnusin‘honoretn
1285 5777 1566 5847 passionis
1600 5776 1759 5829 Eula-

169 5844 264 5905 liae
290 5843 617 5902 beatissima:
654 5845 924 5905 martyris.
974 5843 1036 5898 4η
1061 5845 1248 5913 Incipit
1282 5844 1464 5899 PaSsio
1496 5845 1759 5901 Vincentii

1857 1980 1995 2034 Sunt
2020 1979 2290 2034 nonnulla:
2317 1978 2511 2047 glosste
2532 1988 2589 2033 et
2615 1977 3005 2047 explicationes
3046 1987 3339 2032 metrorum
3365 2017 3380 2043 ,
3410 1987 3464 2032 et

1860 2070 2000 2125 tituli
2037 2071 2203 2125 minio
2234 2071 2399 2124 notati
2427 2068 2531 2141 (d).
2574 2069 2765 2138 Magno
2794 2069 2845 2123 in
2874 2067 3047 2134 pretio
3070 2079 3152 2122 est
3182 2068 3464 2122 habendus

1862 2163 1950 2217 hic
1977 2163 2180 2227 codex;
2229 2164 2433 2218 utinam
2474 2178 2580 2218 non
2611 2171 2755 2218 esset
2804 2162 3025 2215 mutilus
3051 2169 3106 2216 et
3133 2160 3463 2215 decus-tatus.

1860 2253 2250 2323 Orthographia
2279 2263 2383 2319 est,
2415 2269 2621 2324 ymnus,
2665 2253 2894 2321 inrepsit,
2920 2260 2975 2305 et
3007 2250 3205 2306 similia
3238 2267 3357 2305 cum
3385 2252 3465 2305 di.

1865 2346 2176 2416 phthongis.
2204 2345 2370 2415 llujus
2390 2346 2593 2401 codicis
2620 2359 2815 2400 nomen
2839 2354 2922 2401 est
2954 2342 2982 2397 I
3004 2345 3057 2399 in
3088 2346 3287 2400 nostris
3319 2361 3462 2401 com-

1867 2439 2166 2493 mentariis.

1873 2555 2145 2625 martyris.
2204 2554 2267 2626 5_°
2314 2554 2553 2626 llymnus
2600 2554 2651 2608 in
2702 2555 2963 2609 honorem
3013 2554 3113 2611 SS.
3161 2555 3461 2611 octodecim

1873 2638 2168 2696 martyrum
2216 2624 2840 2680 Cmsarattuustanorutn.
2901 2626 2965 2679 Et
3017 2627 3067 2680 in
3124 2629 3228 2680 line
3274 2646 3285 2677 :
3325 2626 3465 2682 Finit

1872 2699 2053 2763 passio
2098 2696 2197 2749 SS.
2239 2698 2559 2751 octodecim.
2607 2698 2662 2752 6’
2697 2696 2883 2765 Incipit
2935 2698 3125 2751 Passio
3165 2698 3221 2751 S.
3260 2702 3461 2763 Agnes.

1874 2768 1939 2821 Et
1968 2775 2149 2836 postea
2192 2785 2202 2819 :
2240 2766 2381 2820 Finit
2422 2770 2601 2835 possit)
2652 2768 2708 2819 S.
2744 2772 2942 2835 Agnes.
2995 2769 3051 2820 7"
3077 2769 3263 2833 Incipit
3304 2770 3463 2836 hym-

1872 2853 1973 2892 nus
2032 2839 2084 2891 in
2147 2839 2409 2892 honorem
2467 2840 2901 2893 beatissimorum
2971 2848 3265 2909 martyrum
3329 2839 3464 2893 Fru.

1870 2910 2042 2963 etnosi
2090 2910 2328 2976 episcopi
2379 2910 2624 2963 ecclesia:
2669 2910 3109 2972 Tarraconensis,
3160 2921 3214 2963 et
3241 2910 3463 2979 Augurii

1870 2988 1924 3033 et
1956 2979 2161 3042 Eulogii
2194 2980 2565 3049 diaconorum.
2599 2980 2654 3035 8°
2685 2980 2925 3049 Hymnus
2952 2983 3005 3034 in
3038 2980 3295 3035 honorem
3334 2981 3465 3047 Qni-

1872 3049 1973 3120 rini
1997 3048 2289 3103 beatissimi
2318 3048 2844 3120 wartyris.ep‘sCopi
2864 3050 3116 3104 Ecclesia:
3133 3050 3465 3107 Sisciunm...

1874 3119 2018 3174 Finit
2050 3122 2226 3186 paSsio
2259 3119 2486 3187 Quirini.
2516 3120 2573 3173 9"
2596 3122 2784 3186 Incipit
2816 3121 2999 3175 Passio
3026 3120 3269 3175 Cassiani
3296 3122 3461 3175 Foro-

1869 3190 2296 3245 corneliensis...
2330 3192 2579 3259 Explicit.
2630 3193 2719 3245 Ill"
2752 3191 2937 3260 Incipit
2977 3191 3213 3256 deloco,
3268 3192 3319 3246 in
3360 3207 3466 3260 quo

1870 3272 2135 3329 martyres
2174 3262 2314 3330 pissi
2346 3271 2489 3326 sunt,
2545 3277 2688 3315 nunc
2714 3264 3084 3330 baptisterium
3117 3270 3219 3316 est.
3270 3264 3359 3317 II"
3383 3264 3465 3317 Ad

1872 3330 2213 3384 Valerianum
2243 3332 2555 3399 episcopum
2588 3333 2655 3386 de
2686 3334 2935 3399 passione
2970 3333 3235 3402 Hippolyti
3267 3332 3466 3387 beatis-

1868 3403 1989 3455 simi
2040 3402 2317 3469 martyris.
2378 3402 2469 3454 12"
2523 3402 2707 3455 Passio
2765 3402 3044 3458 beatorum
3096 3404 3462 3467 apostolorum

1867 3470 2012 3525 Petri
2050 3481 2106 3526 et
2134 3472 2303 3526 Pauli.
2335 3471 2423 3525 13"
2452 3472 2637 3527 Passio
2666 3473 2805 3527 beati
2831 3473 3086 3544 Cypriani
3120 3476 3391 3545 martyris.

1939 3568 2014 3639 (c)
2050 3569 2177 3638 Ejus
2208 3570 2394 3624 Flores
2412 3572 2740 3637 psalmorum
2761 3580 2977 3625 exstant
3001 3572 3053 3624 in
3075 3572 3313 3626 editione
3330 3588 3463 3640 ope-

1866 3654 1984 3712 rum
2030 3642 2322 3695 cardinalis
2370 3640 2677 3704 TllOlllasll,
2725 3642 2941 3712 studio
2988 3651 3043 3697 et
3069 3656 3197 3712 cura
3242 3642 3465 3712 Iosephi

1868 3710 2192 3774 Blauchinii,
2224 3722 2353 3764 tom.
2387 3712 2448 3773 Il,
2485 3729 2602 3781 pag.
2636 3711 2763 3767 464.
2799 3712 3145 3766 Blanchinius
3167 3711 3270 3767 hoc
3300 3710 3465 3777 onus-

1865 3784 2043 3833 Culum
2068 3782 2233 3851 edidit
2258 3797 2322 3835 ex
2356 3783 2567 3837 laudato
2592 3783 2779 3837 codtce
2818 3782 2985 3851 Regio
3024 3782 3288 3838 Vaticano
3317 3785 3421 3839 554
3446 3826 3461 3848 ,

1865 3850 2069 3914 adjecta
2102 3850 2441 3917 praefatione,
2475 3863 2530 3907 et
2558 3853 2876 3907 lectionibus
2903 3852 3235 3908 variantibus
3268 3868 3334 3908 ex
3359 3855 3467 3908 alio

1866 3923 2051 3975 Codice
2087 3921 2339 3974 Vaticano
2365 3923 2576 3991 signato
2601 3940 2747 3975 num.
2775 3923 2864 3976 84.
2891 3923 3190 3991 Utrumque
3220 3926 3463 3978 codicem

1866 4001 2018 4057 putat
2049 3992 2320 4057 pertinere
2348 3995 2414 4045 ad
2437 3994 2691 4047 saeculum
2719 4009 2774 4046 χ.
2802 3992 3050 4047 Praelatio
3086 3994 3272 4061 incipit
3297 4014 3309 4047 :
3334 3993 3465 4047 Cum

1866 4063 2101 4127 quautam
2145 4063 2329 4115 nobilis
2368 4073 2638 4131 matrona,
2684 4074 2816 4126 etc.,
2871 4064 3013 4119 nulla
3045 4065 3146 4118 alia
3178 4064 3236 4118 Iit
3263 4068 3466 4119 mentio

1864 4132 2291 4206 diaconissarmn.
2346 4132 2602 4206 Titulus:
2648 4132 2843 4206 Incipit
2883 4133 3129 4206 proloyuys
3189 4133 3467 4190 Prudentii

1864 4204 2087 4268 episwpi
2113 4204 2174 4254 de
2201 4200 2384 4256 Florcs
2414 4204 2749 4270 psalmorum.
2778 4203 2834 4256 In
2856 4200 3052 4259 codice
3073 4204 3332 4259 VatiCano
3366 4208 3459 4262 I91

1863 4282 2064 4342 esstau
2089 4272 2233 4325 aliud
2288 4289 2423 4341 opus
2468 4274 2710 4342 ejusdem
2766 4274 3078 4341 Prudentii,
3109 4277 3464 4341 inscriptum:

1866 4340 1997 4395 [lato
2029 4339 2343 4413 Prudentius
2384 4339 2651 4413 episcopus
2681 4343 3001 4399 Tricasensis
3044 4339 3145 4397 tam
3190 4348 3254 4399 de
3279 4339 3468 4401 ii’eteri

1861 4428 2017 4479 quam
2045 4412 2108 4463 de
2134 4412 2282 4466 Novo
2311 4413 2516 4485 collegit
2552 4413 2907 4480 Testamento,
2936 4426 2983 4468 et
3019 4418 3086 4468 ad
3115 4432 3288 4470 sacros
3321 4419 3466 4470 ordi-

1863 4492 2325 4557 nes_properantes
2362 4486 2620 4557 memoria:
2657 4486 3015 4557 commendare
3053 4488 3324 4556 prlecepit,
3352 4504 3468 4557 qua:

1863 4561 1909 4604 et
1940 4550 2207 4628 Praecepta
2249 4555 2761 4628 dicuntur._(1ottler
2801 4556 3030 4628 dicenda
3055 4550 3197 4628 'pag‘.
3221 4550 3331 4612 I221
3365 4550 3463 4628 (in

1867 4633 1988 4676 nota
2026 4626 2297 4691 incipiente
2330 4626 2494 4677 verbis
2525 4625 2646 4677 Dixi
2676 4640 2806 4679 sum.
2830 4626 2945 4696 78).

1935 4725 2016 4793 (ά)
2126 4724 2321 4801 quibus
2356 4725 2457 4801 ltus
2483 4728 2786 4801 exscribam
2816 4745 2829 4780 :
2862 4727 3105 4801 Hymnus
3147 4730 3217 4782 ad
3261 4730 3467 4801 gallici.

1862 4795 2025 4868 nium.
2072 4796 2126 4848 In
2160 4798 2200 4848 A
2242 4794 2555 4868 depingitur
2604 4798 2776 4863 gallus
2804 4794 2936 4852 cum
2956 4799 3111 4854 viridi
3152 4794 3303 4854 ram'o
3338 4818 3467 4868 pen-

1860 4865 2005 4940 denti
2034 4881 2101 4919 ex
2139 4882 2251 4919 ore.
2290 4865 2524 4935 Hymnus
2564 4869 2864 4921 matutinus.
2906 4868 3106 4933 Incipit
3146 4865 3368 4940 hymnus
3399 4877 3467 4927 ad

1860 4936 2126 4988 incensum
2156 4953 2168 4988 :
2215 4952 2319 5009 non
2351 4947 2570 5005 apparet
2601 4940 2762 5001 satis,
2787 4940 3121 5009 scriptumne
3149 4936 3216 4994 sit
3238 4982 3253 5004 ,
3281 4945 3349 4994 att
3382 4946 3467 4997 in-

1858 5019 2067 5077 censum
2116 5007 2364 5073 luminis,
2415 5022 2481 5060 an
2524 5009 2763 5061 lucernae.
2826 5007 3068 5077 Hymnus
3122 5012 3263 5064 omni
3316 5019 3466 5067 hora.

1864 5074 2268 5153 Hymnusﬂcirca
2289 5080 2559 5153 easequias
2587 5074 2968 5153 defunctorum.
2988 5079 3115 5133 Post
3142 5082 3283 5153 hunc
3314 5083 3467 5153 hym-

1861 5161 1988 5198 num
2025 5163 2036 5196 :
2088 5144 2233 5199 Finit
2286 5144 2427 5219 liber
2453 5144 2744 5219 primuside
2774 5150 3001 5219 hymnis.
3045 5152 3231 5219 Incipit
3262 5144 3397 5205 liber
3430 5170 3463 5207 ll

1860 5219 2257 5290 Περβᾳτιφᾴνωγ,
2285 5216 2532 5290 Hymnus
2574 5220 2625 5269 in
2657 5216 2851 5272 honore
2897 5216 3180 5287 martyrum
3224 5221 3467 5276 Emeterii

1860 5286 2222 5356 etCheledonii
2271 5286 2804 5356 Calagurritanorum.
2854 5290 2959 5344 Sed
2991 5286 3144 5345 deest
3190 5302 3333 5346 totus
3382 5295 3467 5347 hic

1864 5355 2096 5424 hymnus
2122 5370 2174 5433 et
2196 5355 2499 5433 sequentes
2522 5399 2544 5433 ,_
2565 5362 2764 5433 mulsi}
2793 5362 3000 5415 scilicet
3029 5362 3169 5415 loliis
3201 5379 3369 5433 usque
3398 5366 3464 5417 nd

1862 5440 2083 5500 Versum
2120 5426 2256 5500 lilii
2305 5428 2578 5481 Passionis
2622 5430 2679 5482 S.
2717 5429 2975 5496 Romani,
3010 5447 3113 5500 qua
3160 5426 3305 5486 [inita
3336 5434 3467 5497 legi-

1864 5506 1951 5549 tur
1988 5514 1999 5548 :
2034 5494 2179 5549 Finit
2218 5497 2481 5550 Romanus
2516 5499 2710 5551 Aurelii
2746 5494 3338 5559 Prudentii'Ctementis.
3373 5494 3467 5558 Irt-

1864 5568 1987 5632 cipit
2016 5568 2234 5643 hymnus
2252 5583 2340 5643 vui
2372 5570 2468 5621 cal.
2492 5567 2617 5643 Jat_t_.
2652 5571 2713 5621 Et
2734 5572 2808 5643 ‘in
2841 5573 2947 5643 line
2996 5589 3008 5623 :
3058 5572 3201 5625 Finit
3246 5575 3467 5643 hymnus

1864 5652 1958 5689 vni
1986 5642 2087 5688 rat.
2120 5636 2270 5702 Jan.,
2299 5637 2396 5690 hoc
2427 5649 2521 5701 est,
2562 5638 2683 5691 Nat.
2724 5638 2848 5695 Dni.
2897 5640 3041 5694 Finit
3077 5636 3466 5698 Cathemizrinon

1866 5704 2453 5784 PrudentiinClemfntis.
2535 5707 2595 5761 V.
2676 5708 2738 5764 V.
2760 5709 2953 5777 Incipit
2969 5716 3032 5764 .le
3054 5715 3312 5784 Opuscults
3326 5719 3432 5769 suis
3448 5734 3465 5769 :

1867 5774 2109 5829 Immolat
2137 5777 2241 5849 Hea
2288 5777 2456 5833 Patri.
2501 5781 2557 5832 In
2608 5780 2714 5832 line
2760 5774 2997 5835 set-unda
3041 5774 3231 5839 uiantis
3270 5789 3467 5849 adierit

1866 5862 2103 5912 versum,
2137 5848 2252 5912 Quo
2291 5862 2495 5919 regente
2521 5850 2753 5906 vivimus.
2788 5851 2908 5908 Post
2936 5854 3073 5910 hanc
3096 5857 3278 5920 udcm,
3328 5848 3474 5910 Inci—
