4322 6400
725 406 840 468 627

2142 397 2589 455 PllUDENTIUS.

795 527 852 578 6'
893 524 1061 580 Codex
1090 522 1368 576 Vaticanus
1388 518 1761 573 Alexandrinus
1792 515 1949 577 1439,
1974 514 2114 577 in-8,
2138 526 2304 566 mem-
2332 513 2385 570 Α
2409 524 2475 563 ex
2510 519 2630 563 nota
2655 514 2707 564 tu
2739 507 2906 578 prima
2937 505 3127 576 pagina
3157 513 3397 576 apparet,
3428 504 3672 576 adeoque
3698 504 3896 561 secqu
3915 521 3988 560 xv

726 618 916 682 liram,
964 629 1092 670 saec.
1136 630 1210 670 st.
1264 609 1541 679 inscriptio
1586 615 1669 662 est
1711 623 1728 660 :
1785 604 1984 660 Aurelii
2034 600 2305 658 Clementis

733 707 1000 761 Prudentii
1053 699 1470 774 l’sychansachiat
1523 698 1649 752 liber
1688 695 1887 766 incipit.
1931 694 2137 763 Aliqua:
2182 696 2307 746 sunt

727 799 920 867 glosste
942 796 1007 850 ad
1027 809 1194 856 omni,
1216 803 1269 846 et
1295 791 1432 844 inter
1460 789 1647 843 lineas.
1674 785 1814 841 Nulli
1843 801 1981 855 pene
1998 794 2125 838 sunt
2145 781 2303 836 tituli.

732 888 787 942 In
830 887 969 942 line:
1028 883 1255 951 Explieit
1309 881 1456 935 liber.
1501 879 1740 933 Aurelius
1787 877 2024 932 Prudens
2069 876 2306 928 uirtutum

729 975 909 1045 pralia
924 970 1302 1028 Clemens-Cum
1317 971 1452 1023 vitiis
1461 970 1592 1036 cepit
1608 968 1814 1023 metrica
1833 965 2161 1022 scholasticus
2174 973 2304 1017 arte.

729 1068 866 1123 Sunt
910 1066 1100 1134 aliqua:
1139 1063 1498 1119 correctioues
1527 1061 1728 1116 recenti
1756 1059 1868 1130 σε.
1895 1074 2050 1114 manu
2072 1099 2088 1124 ,
2120 1071 2222 1125 qua
2253 1057 2307 1110 iu

731 1160 905 1227 prima
939 1158 1126 1227 pagina
1155 1165 1394 1210 notatum
1424 1166 1526 1218 est,
1557 1152 1764 1208 Nicolai
1807 1151 2039 1215 Heinsii,
2079 1149 2229 1218 quasi
2263 1148 2308 1202 is

732 1249 924 1303 librum
949 1247 1266 1318 possederit.
1291 1245 1677 1314 Orthographia
1696 1283 1710 1308 ,
1735 1258 1918 1309 onore,
1958 1241 2116 1304 haut,
2151 1239 2308 1294 nullae

731 1341 1068 1411 diphthongi.
1101 1339 1244 1396 Satis
1283 1349 1553 1393 correctus
1593 1344 1675 1389 est
1701 1335 1872 1389 codex
1903 1333 2020 1400 hic,
2053 1346 2210 1402 quem
2261 1329 2306 1384 G

733 1445 1008 1487 vocamus.

804 1520 862 1573 7°
901 1517 1072 1572 Codex
1105 1516 1380 1569 Vaticanus
1422 1514 1568 1569 Alex.
1619 1511 1777 1579 i702,
1807 1512 2136 1575 metnbran..
2169 1511 2306 1570 in-4.

730 1611 929 1666 steculo
952 1623 1044 1662 xu.
1067 1605 1332 1662 Carmina.
1359 1607 1674 1662 Continetur
1699 1605 1803 1660 hoc
1833 1605 2020 1660 codice
2045 1604 2182 1658 liber
2210 1602 2308 1657 Ca-

733 1698 1046 1754 themerinon
1096 1696 1470 1766 imperfectus;
1544 1710 1666 1750 nam
1719 1695 1905 1762 incipit
1965 1709 1996 1748 a
2049 1708 2207 1748 versu
2241 1693 2310 1747 45

730 1789 914 1860 hymni
941 1791 976 1846 5
1000 1828 1015 1854 ,
1039 1787 1146 1844 Sed
1169 1803 1260 1841 res
1290 1786 1483 1841 Niliaci
1513 1789 1696 1841 littoris
1722 1786 1915 1840 incido.
1949 1785 2097 1851 Ροει,
2119 1783 2309 1854 Incipit

2409 615 2517 654 non
2539 614 2649 665 xiv,
2681 607 2740 653 ut
2761 597 3074 667 iii-catalogo
3089 597 3221 652 mihi
3249 596 3488 653 exhibito
3513 609 3630 654 erat
3653 612 3986 668 expressum.

2407 693 2588 749 Codex
2621 692 2905 748 mendosus
2933 700 3037 755 est,
3071 691 3444 746 commentarii
3491 691 3623 747 nulli
3667 703 3793 746 sunt
3833 689 3986 754 usui.

2407 785 2604 839 desunt
2633 782 2790 837 tituli.
2821 781 3074 835 Codicem
3100 780 3155 835 N
3185 781 3539 849 appellamus.

2485 875 2575 930 10°
2614 873 2785 928 Codex
2828 870 2944 925 Val.
2979 873 3128 925 Alex.
3171 870 3333 938 2078,
3390 873 3586 927 saeculo
3640 887 3726 934 ix.
3785 868 3991 924 in-lolio

2413 983 2576 1037 parvo
2620 965 2916 1021 niemhran.
2948 963 3056 1035 65
3105 963 3298 1016 Aurelii
3338 959 3505 1016 Prud.
3538 961 3698 1017 Clem.
3726 959 3989 1016 Certamen

2411 1062 2652 1114 virtutum
2681 1069 2860 1111 contra
2897 1057 3044 1110 vitia.
3092 1054 3223 1110 Sine
3247 1053 3560 1124 [tralatione
3590 1054 3769 1122 incipit
3802 1072 3816 1108 :
3842 1053 3993 1108 Chri-

2410 1161 2485 1205 ste
2505 1191 2519 1216 ,
2551 1165 2728 1221 graves
2758 1147 3022 1200 hominum
3051 1160 3249 1216 semper
3285 1145 3519 1199 miserate
3547 1143 3763 1198 labores.
3789 1142 3992 1198 Desunt

2411 1243 2575 1297 multa
2607 1255 2636 1293 a
2658 1253 2818 1293 versu
2848 1237 3092 1291 Nascitur
3127 1238 3246 1291 hinc
3269 1236 3481 1307 inopina
3503 1234 3568 1288 ad
3592 1248 3799 1290 versum
3831 1233 3994 1288 Navi-

2412 1348 2526 1384 mus
2547 1330 2811 1388 ancipites.
2843 1327 3189 1381 Desideratur
3223 1325 3382 1380 etiam
3404 1323 3619 1379 ultimus
3645 1339 3862 1389 versus,
3892 1322 3996 1378 Αε-

2413 1433 2642 1484 ternum,
2671 1431 2776 1473 etc.
2807 1416 2948 1471 Nihil
2976 1426 3155 1470 tamen
3182 1425 3265 1470 est
3297 1415 3532 1469 lacerum
3563 1423 3656 1469 aut
3691 1416 3942 1469 alirasum
3979 1434 3991 1467 :

2414 1509 2640 1566 fortasse
2690 1509 2992 1575 exscriptus
3036 1515 3121 1561 est
3159 1520 3226 1560 ex
3284 1505 3398 1558 alio
3420 1506 3608 1560 codice
3653 1503 3997 1573 imperfecto.

2411 1599 2690 1658 Scriheudi
2749 1599 2927 1653 ratio:
2979 1599 3302 1669 adgreditur,
3348 1595 3681 1665 sulpltoreus.
3709 1595 3958 1651 tltaracha
3982 1638 3998 1661 ,

2412 1696 2530 1750 sine
2565 1691 2929 1762 diplithongis.
2968 1689 3082 1744 Νιιιι
3134 1705 3299 1760 pauca
3347 1699 3473 1744 sunt
3509 1689 3724 1744 menda.
3772 1689 3871 1744 Hzc
3915 1698 3999 1745 est

2411 1788 2578 1842 Codex
2611 1785 2661 1840 II
2672 1824 2685 1838 .

729 1880 949 1950 hymnus
970 1889 1088 1934 ante
1138 1895 1390 1945 somnum,
1440 1887 1496 1933 et
1521 1878 1769 1933 similiter
1809 1877 1898 1931 alii
1936 1877 2094 1931 tituli.
2124 1876 2230 1932 Sed
2257 1877 2310 1931 in
2342 1885 2389 1946 Β
2491 1878 2580 1932 ll‘
2610 1878 2782 1933 Codex
2821 1876 3094 1930 Vaticanus
3140 1875 3410 1930 Palatinus
3451 1876 3596 1941 235,
3656 1877 3953 1932 menihran.
3983 1914 4001 1936 .

733 1973 934 2043 hymno
973 1971 1126 2025 Omni
1166 1970 1316 2035 hora,
1343 1979 1395 2026 et
1415 1970 1496 2024 Ad
1535 1973 1801 2041 exsequias
1828 1970 1980 2026 deest
2020 1971 2225 2027 titulus.
2259 1969 2312 2024 In

734 2061 838 2117 hoc
867 2061 1003 2117 libro
1027 2059 1444 2117 Cathemerinon
1487 2069 1612 2114 sunt
1639 2061 1831 2128 aliqua
1859 2061 2072 2128 glossae,
2100 2069 2153 2114 et
2181 2075 2316 2128 prae-

735 2153 997 2210 termissis
1042 2153 1253 2223 hymnis
1279 2151 1482 2208 Natalis
1517 2151 1761 2219 Domini,
1803 2162 1859 2206 et
1890 2151 2198 2220 Epiphania:
2221 2164 2314 2207 se-

733 2247 916 2317 quitur
945 2246 1079 2301 liher
1107 2243 1559 2314 Peristephanun,
1603 2243 1746 2298 nulla
1786 2242 2159 2312 inscriptione,
2191 2255 2312 2311 qua:

730 2339 944 2410 hymnis
973 2336 1209 2408 apposita
1231 2344 1314 2391 est
1340 2337 1538 2391 recenti
1568 2351 1728 2390 manu
1751 2335 1851 2405 (a).
1885 2335 2076 2389 Postea
2106 2351 2119 2386 :
2149 2332 2310 2401 Pius,

729 2429 931 2498 ﬁdelis,
960 2429 1200 2482 innocens
1227 2440 1349 2482 cum
1385 2440 1543 2481 versu
1572 2425 1782 2490 ultimo,
1816 2425 1927 2489 Quo
1955 2437 2159 2497 regente
2188 2425 2314 2478 uivi-

728 2538 845 2576 mus
875 2537 893 2576 :
920 2521 1002 2576 cui
1045 2521 1164 2574 odte
1219 2520 1406 2574 titulus
1451 2527 1535 2574 est
1589 2518 1805 2572 additus
1857 2519 2059 2571 recenti
2108 2531 2313 2570 manu:

735 2612 964 2685 Operam
999 2612 1310 2681 reliquarum
1339 2611 1620 2664 conclusio.
1670 2609 1920 2666 Succedit
1978 2607 2314 2662 Dittochteunt

729 2720 853 2759 eum
889 2705 1234 2770 inscriptione
1282 2703 1484 2758 recenti
1529 2701 1598 2756 ad
1645 2701 1938 2769 marginem
1975 2718 1987 2752 :
2023 2698 2316 2770 Diptyclton

737 2795 936 2850 Veteris
974 2805 1020 2850 et
1052 2793 1186 2848 Novi
1233 2793 1582 2859 'l‘estamenti,
1630 2793 1767 2862 quod
1815 2793 1907 2846 alii
1944 2793 2190 2859 Amasno,
2222 2792 2314 2844 alii

731 2886 946 2944 Sedulio
972 2885 1226 2952 tribuunt;
1256 2885 1323 2940 de
1351 2900 1451 2954 qua
1489 2885 1834 2953 inscriptione
1865 2883 1984 2937 vide
2029 2899 2178 2939 nunt.
2221 2883 2312 2938 66.

729 2979 937 3034 Deinde
965 2980 1260 3048 Apotheosis
1281 3019 1297 3045 ,
1328 2993 1430 3048 qua
1462 2976 1606 3031 [inita
1633 2977 1828 3045 legitur
1855 2989 2067 3042 versus,
2098 2975 2314 3043 nescio,

728 3088 832 3142 qua
866 3087 1024 3125 manu
1072 3070 1380 3140 ascriptus:
1428 3068 1617 3124 Caseus
1665 3078 1783 3121 ante
1829 3071 1998 3137 focum
2041 3067 2184 3121 debet
2225 3068 2318 3119 ha-

729 3165 845 3217 bere
874 3164 1066 3216 locum.
1100 3161 1236 3216 Tum
1284 3161 1527 3230 praelatio
1575 3159 1984 3228 Hamartigenize
2032 3173 2200 3227 usque
2249 3156 2315 3211 ad

2418 1968 2592 2023 in-l’ol.
2623 2014 2634 2034 ,
2667 1966 2848 2022 smculi
2879 1982 2930 2020 si
2961 1965 3200 2020 circiter.
3231 1965 3428 2034 Pagina
3462 1965 3532 2020 45
3562 1967 3722 2036 hujus
3747 1967 3952 2023 codicis
3985 1984 4000 2019 :

2418 2059 2678 2130 Incipiunt
2708 2060 3012 2132 glossemata
3034 2059 3098 2113 de
3134 2057 3421 2112 Prudentia
3449 2057 3546 2128 (c).
3574 2058 3780 2113 Gloss:
3811 2060 4002 2130 plem-

2416 2169 2519 2223 que
2547 2193 2563 2218 ,
2595 2161 2654 2206 ut
2681 2154 2732 2206 in
2763 2152 2917 2207 [sane
2964 2163 3018 2206 et
3048 2151 3163 2205 Vat.
3199 2153 3263 2204 A.
3305 2151 3571 2216 Quasdam
3617 2150 3773 2221 hujus
3798 2153 4004 2208 codicis

2419 2242 2663 2315 proprias
2693 2245 2804 2296 suis
2835 2243 2965 2296 locis
2992 2243 3246 2296 inseram.
3273 2241 3400 2294 Post
3431 2235 3684 2311 hymnum
3715 2243 4004 2313 Exsequia-

2417 2353 2560 2403 rum,
2587 2334 2732 2389 Finit
2760 2335 2884 2388 liber
2904 2333 2949 2387 Η
2958 2350 3251 2403 ymnorum.
3271 2334 3576 2402 Sequuntur
3602 2333 3780 2405 hymni
3803 2335 3866 2388 de
3888 2335 4002 2390 Na-

2417 2430 2508 2484 tali
2558 2437 2614 2482 et
2665 2427 2980 2498 Epiphania.
3044 2426 3234 2480 Postea
3296 2424 3749 2497 Peristephanmn,
3793 2429 3900 2482 sive
3939 2431 4004 2483 de

2419 2520 2720 2584 Coronatis,
2773 2521 2811 2572 i.
2863 2537 2910 2572 e.
2961 2519 3295 2589 martyribus,
3327 2519 3422 2573 sed
3452 2521 3612 2572 nulla:
3637 2528 3763 2574 sunt
3788 2520 4002 2589 glossat.

2420 2611 2569 2667 Illico
2592 2612 2915 2680 Apotheosis
2952 2627 3075 2667 cum
3123 2612 3288 2666 titulis
3313 2613 3479 2666 minio
3509 2613 3723 2668 notatis.
3759 2614 3815 2668 ln
3849 2614 3957 2670 line
3987 2631 4002 2669 :

2418 2705 2724 2773 Apotheosis
2753 2706 2816 2758 de
2852 2705 3118 2759 divinitate
3145 2706 3279 2774 finit.
3315 2703 3507 2774 Incipit
3539 2708 3884 2777 Amartigenia
3903 2748 3920 2772 ,
3950 2704 4005 2759 id

2416 2810 2490 2852 est
2535 2799 2599 2852 de
2631 2798 2841 2868 Origine
2865 2807 3186 2867 peccatorum
3233 2798 3474 2850 adt'ersns
3521 2797 3854 2852 Marcionitas
3874 2839 3890 2862 ,
3918 2806 4011 2866 qui

2418 2895 2548 2948 duos
2574 2894 2694 2946 deos
2711 2909 2818 2947 esse
2844 2893 3118 2961 afﬁrmant.
3151 2889 3464 2960 Sequuntur
3494 2889 3926 2957 Psychomacltt'a.
3952 2903 4006 2948 et

2419 2984 2525 3037 duo
2557 2983 2673 3037 libri
2701 2983 2946 3036 adversus
2972 2981 3362 3053 Symmachum,
3394 2981 3488 3036 sed
3519 2982 3713 3051 glossze
3742 2996 3847 3035 non
3873 2995 4005 3034 con-

2421 3075 2700 3128 tinuantur
2719 3073 2783 3126 ad
2811 3072 2970 3126 linem
2995 3087 3163 3139 usque
3194 3072 3315 3126 libri
3337 3071 3583 3126 secundi.
3601 3070 4002 3126 Advi‘rtendnm

2421 3173 2521 3217 est.
2557 3163 2609 3216 in
2640 3165 2742 3216 hoc
2773 3163 2961 3218 codice
2991 3176 3112 3216 esse
3145 3171 3349 3216 tantum
3381 3163 3718 3231 glossemata,
3753 3176 3858 3215 non
3883 3176 4007 3216 car-

729 3271 942 3310 versum
973 3257 1028 3310 6.
1069 3255 1288 3324 Reliqua
1327 3254 1722 3308 desiderantur.
1772 3253 2056 3316 Scribitnr,
2099 3252 2316 3322 perhen-
2346 3252 2392 3314 C
2424 3253 2586 3307 mina.
2629 3252 2810 3306 Codex
2849 3251 3019 3306 nitido
3045 3251 3360 3306 charactere
3381 3251 3613 3320 scriptus
3643 3261 3720 3306 est
3744 3292 3760 3318 ,
3792 3266 3820 3305 a
3851 3253 4012 3308 nobis

728 3346 838 3407 nis.
887 3352 942 3398 et
984 3344 1200 3404 similia.
1249 3343 1445 3398 desunt
1492 3343 1672 3396 multa:
1717 3341 2079 3411 diphthongi:
2119 3341 2314 3410 glossae

730 3435 1003 3504 plerzrque
1026 3474 1044 3500 ,
1069 3446 1125 3488 ut
1156 3434 1209 3488 in
1250 3433 1506 3488 Vaticano
1537 3437 1576 3487 A
1597 3474 1611 3497 ,
1643 3441 1698 3486 et
1726 3432 1898 3488 lsonc.
1920 3431 2133 3488 Nomen
2165 3431 2209 3499 Ω
2241 3432 2317 3488 τεο

730 3529 927 3583 cimus.

799 3617 857 3673 8’
880 3616 1051 3670 Codex
1086 3615 1364 3669 Vaticanus
1394 3615 1774 3669 Alexandrinus
1803 3614 1956 3679 1835,
1987 3614 2121 3678 iii-4,
2151 3630 2319 3668 mem-

731 3707 911 3770 hran.,
941 3706 1119 3761 sazculi
1151 3722 1264 3771 aut,
1299 3706 1708 3776 Psychontachia
1732 3723 1848 3760 cum
1879 3707 2314 3768 adnotationibus,

730 3813 851 3866 qua:
881 3812 1124 3866 magnam
1153 3805 1356 3865 partem
1385 3806 1719 3863 cansumptas
1751 3805 1896 3852 sunt.
1941 3796 2142 3850 Der-unt
2186 3795 2314 3849 titu-

733 3889 804 3953 li;
852 3889 904 3942 iii
937 3888 1078 3942 line:
1131 3885 1358 3958 Explicit
1402 3888 1528 3941 liber
1559 3887 1853 3942 Prndentii.
1883 3885 2316 3955 Orthographia,

733 3990 962 4050 temptes,
1019 3981 1154 4033 horis
1197 3995 1293 4048 pro
1319 3981 1442 4040 oris.
1484 3981 1598 4034 sine
1652 3980 2021 4048 diphthongis.
2070 3979 2318 4032 Notatuni

735 4079 818 4123 est
875 4069 926 4122 in
959 4068 1219 4136 principio
1253 4085 1266 4120 :
1299 4067 1401 4120 Hic
1451 4069 1610 4120 eadem:
1658 4077 1765 4121 erat
1815 4084 1878 4122 ea:
1905 4067 2207 4120 bibliotheca
2257 4065 2316 4120 S.

736 4159 1022 4218 Silvestri:
1074 4169 1220 4224 puto,
1265 4159 1317 4212 in
1367 4168 1548 4213 monte
1595 4160 1878 4225 Quirinali.
1924 4157 2127 4211 Nomen
2169 4158 2324 4227 hujus

736 4252 925 4304 codicis
953 4259 1024 4303 est
1055 4248 1096 4302 L
1119 4251 1170 4302 iu
1204 4249 1402 4303 uastris
1430 4251 1857 4304 Commentariis.

809 4341 866 4395 9°
907 4340 1080 4395 Codex
1113 4339 1228 4392 ναι.
1270 4340 1417 4394 Alex.
1453 4340 1612 4403 1858,
1660 4342 2000 4402 chartaceus,
2035 4338 2180 4403 ἱιι-ι,
2222 4353 2325 4393 saa-

739 4434 863 4487 culo
906 4447 993 4485 xiv
1039 4443 1308 4495 exaratos,
1363 4431 1720 4487 Dittochteunt.
1770 4432 1980 4487 Titulus
2032 4433 2084 4486 in
2145 4434 2324 4487 indice

742 4537 966 4590 operum
1011 4521 1164 4590 hujus
1205 4523 1406 4575 codicis
1449 4533 1572 4575 est:
1619 4522 1891 4576 Ρηιάιοηιίὶ
1925 4524 2173 4577 Columba
2205 4541 2320 4576 cum

2419 3357 2636 3402 vocatus
2660 3344 2722 3402 Τ.

2490 3438 2578 3492 79.
2608 3436 2702 3489 12°
2727 3433 2903 3489 Codex
2930 3433 3101 3488 Vatic.
3129 3432 3402 3488 Palatinus
3429 3433 3572 3502 252,
3604 3435 3778 3500 in-iQ,
3808 3436 4015 3492 szrculo

2423 3545 2494 3582 xu
2545 3529 2782 3582 circiter.”
2839 3526 2914 3580 De
2971 3524 3257 3579 Prudentia
3307 3535 3357 3579 et
3421 3527 3537 3596 ejus
3584 3529 3840 3596 operibus.
3897 3527 4014 3582 lloc

2421 3619 2738 3688 apusculum
2769 3631 2852 3671 εει
2881 3625 3088 3670 tantum
3133 3617 3373 3684 prmlatio
3420 3617 3471 3670 in
3504 3631 3722 3672 carmen
3764 3618 4011 3688 Psycha-

2425 3710 2766 3778 niai-lii.e(d).
2792 3707 2997 3761 Revera
3023 3715 3142 3776 post
3162 3707 3263 3761 alia
3295 3707 3521 3762 al'orum
3543 3711 3795 3776 opuscula
3827 3711 3879 3764 in
3906 3710 4012 3765 line

2425 3799 2580 3864 hujus
2615 3798 2818 3852 codicis
2847 3808 2930 3851 est
2963 3797 3379 3867 Psychomachia
3408 3839 3422 3863 ,
3450 3799 3591 3866 quod
3629 3799 3680 3854 in
3705 3801 3881 3855 indice
3904 3819 4011 3859 non

2423 3892 2780 3960 exprimitur:
2811 3889 2908 3944 sed
2953 3890 3005 3942 in
3048 3903 3208 3943 versu
3248 3890 3352 3944 683
3377 3931 3394 3956 ,
3427 3889 3614 3944 Intulit
3658 3893 3756 3946 hoc
3803 3895 4012 3958 vulnus,

2425 3992 2530 4035 etc.
2561 4022 2575 4045 ,
2613 3981 2948 4034 terminatur.
2982 3978 3276 4035 Character
3319 3981 3531 4036 videtur
3576 3997 3698 4038 csse
3746 3986 3924 4039 Smculi
3961 4001 4013 4039 ιι

2427 4082 2519 4124 aut
2552 4088 2603 4123 κ.
2648 4072 2940 4138 Multajatu
2971 4082 3334 4136 evanuerunt;
3368 4072 3505 4125 tituli
3531 4072 3622 4126 alii
3661 4075 3854 4126 adsunt
3877 4117 3890 4138 ,
3927 4076 4014 4129 alii

2427 4164 2642 4219 desunt.
2674 4163 3100 4232 Orthographia,
3129 4164 3238 4217 lues
3264 4203 3280 4228 ,
3313 4180 3420 4218 non
3448 4165 3580 4229 luis,
3613 4165 3666 4219 in
3699 4169 4014 4221 nominandi

2427 4269 2576 4320 casu,
2608 4255 2700 4308 sed
2734 4255 2885 4320 famis
2933 4263 3157 4321 postea,
3207 4265 3261 4308 et
3309 4270 3470 4322 supra
3521 4257 3701 4325 fames,
3751 4259 4016 4324 sruientis,

2428 4345 2606 4417 glarie,
2637 4343 2870 4397 harenas.
2900 4343 3104 4397 Nomen
3141 4343 3182 4396 ll
3211 4345 3382 4400 codici
3414 4345 3536 4409 huic
3564 4347 3908 4415 imponimus.

2505 4436 2599 4490 150
2632 4434 2805 4487 Codex
2840 4433 3120 4487 Vaticanus
3153 4433 3424 4488 Palatinus
3454 4437 3626 4503 1715,
3680 4440 4022 4493 membrana-

2429 4541 2577 4588 ccus,
2613 4527 2748 4588 iit-8,
2781 4525 2981 4579 saeculo
3011 4541 3059 4578 XI
3097 4524 3318 4579 circiter
3356 4529 3608 4592 scriptus.
3642 4527 4024 4599 lncipitglossa

746 4621 1030 4666 commenta
1056 4611 1150 4681 (ὁ).
1201 4613 1296 4666 llic
1339 4613 1505 4667 codex
1548 4615 1882 4669 scribebatur
1910 4632 2051 4669 anno
2085 4618 2237 4677 H72.
2273 4627 2330 4670 ιιι
2359 4597 2407 4656 D
2437 4618 2708 4695 Prudeinii
2733 4617 2928 4670 Aurelii
2959 4615 3249 4670 Clementis.
3272 4617 3381 4687 66
3409 4617 3624 4688 Paginis
3656 4597 3868 4690 triginta
3893 4636 4022 4674 cou—

744 4728 888 4794 piunt
921 4725 1078 4796 Tituli
1129 4727 1457 4778 historiarum
1501 4745 1589 4796 per
1635 4730 1797 4781 Adam
1844 4738 1887 4781 et
1935 4729 2110 4782 Etiam.
2144 4731 2329 4782 Tetra-

743 4799 924 4849 sticha.
962 4795 1070 4848 lluc
1105 4810 1279 4848 autem
1311 4813 1414 4850 nou
1450 4795 1506 4848 ut
1535 4800 1719 4851 titulus
1751 4801 1981 4866 punitur.
2011 4802 2105 4852 sed
2140 4811 2192 4852 ut
2223 4820 2332 4852 me-

748 4868 811 4939 tri
839 4867 1142 4939 explicatio,
1185 4869 1298 4939 site
1325 4884 1538 4939 nomen.
1577 4868 1749 4921 Finito
1782 4870 2106 4930 Dtltnclwu,
2145 4869 2332 4939 Eipli-

746 4937 885 5006 ciunt
911 4935 1068 4987 Tituli
1107 4938 1455 4990 historiarum.
1498 4935 1684 5006 Incipit
1721 4939 2037 4999 Ἃποθέωσις,
2074 4940 2126 4990 id
2166 4935 2238 4992 est
2273 4943 2335 4996 de

748 5003 1280 5080 [divinitateabeauut
1330 5008 1454 5060 inlizi
1498 5024 1529 5077 p
1555 5003 1622 5061 εει
1646 5011 1776 5064 duas
1807 5012 2149 5077 pra-lationes
2191 5014 2335 5080 Apu-

749 5075 1020 5128 tltetiSetis.

821 5145 900 5211 la)
940 5146 1085 5199 Urdo
1113 5145 1429 5211 hymnorum
1474 5157 1574 5206 est,
1634 5149 1686 5202 ιε’
1742 5149 1839 5203 SS.
1894 5150 2231 5206 llemcterius
2283 5162 2340 5204 et

749 5215 1092 5270 Celodnnius.
1140 5215 1196 5268 2’
1238 5217 1296 5268 S.
1336 5217 1664 5270 Vincentius.
1698 5221 1755 5273 5"
1797 5221 1854 5272 S.
1913 5222 2247 5274 Laurentius.
2278 5223 2335 5275 bi"

751 5285 809 5338 S.
842 5287 1173 5356 llippulylds.
1200 5287 1255 5340 5⁸
1279 5288 1336 5341 S.
1363 5287 1680 5354 Cyprianus.
1705 5291 1760 5342 6"
1783 5292 1880 5343 SS.
1908 5290 2094 5343 Petrus
2118 5303 2170 5344 ιιι
2203 5292 2337 5344 Pau-

754 5358 854 5429 lus.
891 5357 944 5407 7°
977 5358 1084 5429 SS.
1104 5369 1384 5429 martyres
1413 5359 1711 5411 oitmlecitn
1752 5359 2232 5429 C:n.~araugustani.
2278 5363 2334 5416 8'

753 5425 811 5478 S.
847 5432 1040 5493 Agnes.
1064 5426 1122 5480 9'
1147 5428 1203 5478 S.
1240 5425 1459 5480 hulaliu.
1493 5429 1578 5481 lt)“
1633 5431 1690 5480 ὃ.
1737 5425 2080 5484 Fructuosus.
2144 5432 2232 5482 ll”
2275 5437 2334 5484 ὃ.

754 5496 1029 5560 Quirinus.
1057 5496 1142 5548 13°
1170 5497 1226 5550 S.
1261 5500 1390 5549 (Iasi
1416 5515 1568 5549 atus.
1601 5500 1688 5551 15"
1716 5502 1772 5554 S.
1807 5499 2095 5555 lioutanus.
2141 5503 2228 5554 Hi"
2265 5503 2338 5556 De

758 5567 917 5617 Italalt
954 5566 1180 5619 ltoutini.
1219 5568 1304 5621 15°
1345 5567 1413 5618 De
1452 5569 1766 5633 Erilltttnia.

828 5635 900 5702 (ὁ)
944 5635 996 5688 In
1035 5650 1346 5709 Διξυιιιιυριιιυ
1371 5637 1559 5689 dicitur
1589 5657 1597 5689 :
1650 5644 1837 5691 Auctor
1870 5641 1952 5691 hic
1989 5641 2080 5709 fuit
2111 5641 2339 5696 Clemens

757 5705 990 5757 Aurelius
1027 5705 1334 5757 l’ruduntms
1369 5746 1403 5758 ..
1438 5711 1577 5758 t.'lnn
1611 5727 1664 5759 ns
1691 5729 1719 5759 (ι
1767 5705 2056 5769 clementia.
2105 5714 2339 5764 Aurelius

761 5777 819 5846 u_b
845 5791 1005 5846 auio,
1057 5775 1368 5828 Prudentius
1385 5796 1411 5827 ll
1447 5780 1782 5846 prtulinlm...
1820 5782 2034 5846 Siripsit
2061 5784 2245 5833 librum
2278 5783 2340 5834 de

761 5841 1038 5914 Columba,
1072 5849 1131 5898 de
1163 5866 1255 5914 quo
1300 5852 1363 5899 ας]
1408 5841 1622 5914 planus
1658 5841 1962 5904 ttitctidittttts
2007 5863 2334 5920 pcilt'aclarc.

2514 4732 2587 4799 (ε)
2616 4731 2791 4798 Elogic
2844 4730 3102 4802 Genn._idii
3149 4731 3214 4783 de
3261 4731 3551 4785 Piudentio
3604 4732 3686 4786 hze
3727 4736 4028 4802 peculiares

2441 4803 2636 4864 glossre
2651 4803 2918 4853 adduntur
2946 4817 2957 4851 :
2994 4799 3284 4854 lllustriurn
3309 4817 3327 4854 :
3357 4803 3622 4862 nobilium.
3645 4799 4026 4860 vel'clarorum.

2443 4870 2770 4924 Ditroclteunt
2799 4872 3029 4938 .‘duplea:
3061 4870 3269 4938 refectio
3295 4914 3309 4929 .
3341 4873 3378 4925 i.
3422 4889 3466 4927 e.
3502 4876 3562 4925 de
3607 4873 3774 4926 Veteri
3802 4884 3848 4927 et
3878 4874 4032 4929 Nora

2441 4941 2789 4994 Testamento.
2824 4941 2943 4993 Ea‘ct
2964 4942 3103 5008 ptis:
3133 4942 3196 4991 ab
3225 4944 3433 4994 invicem
3470 4945 3738 5010 separatis.
3772 4947 4027 5010 Apotheo-

2441 5015 2550 5064 sis:
2593 5012 2882 5075 Deiﬁcalio.
2919 5012 3120 5062 llursns
3149 5011 3356 5062 al'lirtno
3386 5012 3769 5081 cnttlirmnque,
3797 5016 3848 5068 in
3882 5018 4029 5067 nultn

2446 5081 2562 5133 Vat.
2597 5083 2717 5135 cini.
2757 5098 2784 5132 tt
2819 5098 2901 5134 lnt'.
2934 5089 3206 5152 repertqu
3243 5080 3530 5151 Diptychon
3564 5080 3732 5152 prisca
3761 5102 3917 5139 manu
3953 5089 4026 5141 ita

2445 5152 2724 5218 scriptum.
2777 5155 2929 5204 Alius
2977 5151 3138 5203 tradit
3222 5151 3625 5217 probatissimos
3693 5157 3849 5209 codd.
3905 5156 4026 5212 Vat.

2447 5224 2721 5288 astipulari
2756 5223 2877 5274 huic
2920 5221 3111 5286 titulo,
3150 5219 3440 5290 Diplychon
3471 5239 3488 5276 :
3519 5225 3612 5277 sed
3647 5223 3677 5276 ft
3703 5235 3872 5279 rtasse
3903 5226 4030 5281 litu-

2445 5293 2528 5344 lns
2561 5293 2792 5344 llitliL’lllll
2831 5301 3077 5362 recentes
3110 5307 3206 5358 pro
3234 5293 3464 5360 antiquis
3494 5296 3715 5362 acet-pit.

2517 5364 2596 5427 (di
2627 5363 2880 5425 Qua‘dniu
2913 5361 2980 5414 tlc
3009 5363 3296 5414 l’rudcutio
3327 5361 3726 5418 narrantur’aut
3753 5363 3908 5428 falsa,
3936 5379 4028 5422 aut

2445 5436 2730 5504 nouissis
2782 5433 3035 5504 probata,
3086 5433 3225 5499 quod
3267 5433 3450 5504 Romae
3499 5435 3701 5489 litteras
3737 5434 4024 5504 didicerit,

2441 5503 2582 5565 quod
2631 5505 2934 5568 pervenerit
2963 5502 3038 5573 ad
3091 5503 3458 5573 consulatum,
3493 5505 3633 5573 qund
3674 5506 3741 5556 ad
3790 5502 4029 5560 ultimum

2445 5574 2602 5644 lltlt'lll
2636 5571 3122 5644 rei-.ipiens.il'actu§
3146 5575 3212 5624 sit
3239 5571 3593 5628 Christianus.
3626 5576 3850 5628 Additur
3885 5577 4027 5644 quod

2445 5643 2578 5695 lihcr
2611 5644 2820 5694 titulum
2855 5643 3008 5694 habet
3049 5658 3060 5692 :
3098 5640 3243 5694 Liber
3272 5646 3465 5696 Aurelii
3499 5640 4026 5699 Ρνιιάεηιὶὲϐιειὶιιηο

2443 5714 2527 5765 tis.
2585 5712 2771 5777 Incipit
2813 5714 2937 5764 liber
2980 5711 3422 5778 Psychomacliiir.
3471 5715 3670 5768 Dicitur
3697 5719 3857 5768 etiam
3886 5716 4026 5784 quod

2444 5784 2703 5857 scripserit
2751 5789 2999 5857 quosdam
3047 5783 3200 5835 libros
3228 5787 3286 5832 de
3319 5784 3613 5857 liitvinitnte,
3663 5788 3795 5838 inter
3830 5783 3954 5857 quas
3985 5799 4027 5840 st

2444 5856 2578 5904 hunc
2610 5855 2914 5922 (mnposnil,
2947 5868 3129 5905 t'ocuns
3162 5870 3272 5906 cum
3311 5856 3789 5926 l’iyt'hontacltintn.
