4322 6444
266 341 375 401 69.9

1650 296 2184 383 rnosscousus.

3478 318 3586 376 650

274 465 383 513 stat
406 455 513 510 hoc
536 452 862 524 opusculum
894 452 991 527 (ὰ).
1023 450 1215 505 Pauca!
1239 454 1365 501 sunt
1391 445 1607 519 glossm,
1632 458 1663 496 e
1683 441 1879 513 quibus
1907 440 1958 499 Δ
1987 439 2096 495 lum
2122 452 2247 496 esse
2280 456 2293 493 :
2325 437 2522 509 Incipit
2552 436 2906 494 tetrastichum
2939 434 3213 491 Prudentii
3238 434 3437 487 Aurelii
3462 435 3583 489 Cle-

278 550 567 604 nonnullss
610 548 727 602 suis
780 547 833 601 in
884 545 1020 599 locis
1054 543 1305 598 dabimus
1340 556 1353 592 :
1401 538 1535 592 nihil
1580 545 1757 591 tamen
1790 544 1875 589 est

282 641 424 696 aliud
472 649 671 710 preter
716 638 946 708 glossas.
973 632 1390 702 Orthographia,
1422 628 1598 696 elfebi,
1633 626 1870 698 frenesis,

276 746 497 802 gmnus,
528 745 652 783 cum
696 725 1066 797 diphthongis.
1091 725 1146 777 ln
1179 722 1481 776 fabularum
1510 718 1876 786 explicatione

279 819 620 886 potissimum
648 817 972 887 glossemata
992 820 1295 868 venantur.
1319 810 1453 865 Huic
1479 808 1650 865 codici
1676 820 1877 861 nomen

272 909 376 966 erit
399 909 463 964 S.

348 1002 442 1057 N’
471 1002 650 1056 Codex
680 998 963 1053 Vaticanus
991 996 1216 1052 Urbinas
1261 994 1391 1049 666.
1424 990 1702 1046 Prudentii
1723 1006 1879 1060 opus-

275 1094 416 1149 culo.
465 1093 679 1149 Titulus
716 1090 857 1144 alius
898 1086 1436 1155 magniﬁcentiasime
1483 1084 1716 1152 scriptus
1765 1096 1778 1132 :
1812 1076 1879 1133 In

275 1189 373 1242 hoc
400 1173 727 1241 ornatissimo
765 1183 939 1237 codice
980 1180 1306 1233 continentur
1328 1192 1485 1242 opera
1515 1175 1712 1229 Aurelii
1748 1173 1883 1227 Pru-

273 1279 439 1333 dentii
490 1276 797 1341 Clementis,
844 1274 941 1327 viri
984 1271 1285 1325 doctissimi.
1320 1269 1680 1324 Prmcesserat
1722 1266 1879 1321 index

273 1370 599 1423 carminum.
654 1360 1321 1432 Inscriptio'prael'ationis
1351 1367 1437 1412 est
1468 1376 1480 1410 :
1513 1358 1715 1411 Aurelii
1748 1356 1885 1409 l’ru-

275 1459 439 1512 dentii
480 1456 756 1511 Clementis
802 1454 857 1507 in
886 1451 1137 1517 opuscula
1177 1450 1442 1517 sequentia
1468 1449 1749 1519 prafatio:
1783 1444 1885 1499 Per

273 1547 651 1618 quinquennia,
680 1553 787 1599 t-tc.
813 1544 870 1597 lu
894 1544 1064 1612 prima
1093 1542 1270 1594 littera
1298 1538 1562 1607 Pdepicta
1596 1549 1679 1592 est
1709 1539 1884 1604 imago

277 1639 517 1692 auctoris
547 1677 563 1700 ,
595 1646 652 1689 ut
681 1635 918 1690 diximus
948 1632 1164 1699 Proleg.
1200 1646 1350 1686 num.
1393 1630 1483 1685 58.
1518 1630 1572 1684 ln
1608 1630 1711 1683 fine
1736 1629 1887 1683 codi-

274 1730 399 1785 cis:
457 1729 682 1798 Explicit
737 1728 864 1782 liber
895 1743 932 1781 tt
988 1738 1165 1780 contra
1212 1726 1580 1795 Symmachum
1633 1725 1697 1776 de
1738 1724 1887 1777 resti-

1979 530 2165 584 ntentis
2190 529 2254 583 de
2281 528 2540 583 columba.
2568 525 3015 582 ﬂendosiss'mus
3046 534 3128 580 est
3156 524 3246 579 hic
3271 523 3467 589 codex,
3497 526 3580 578 cui

1982 633 2181 674 nomen
2204 617 2245 672 Y
2284 618 2532 674 fecimus.

2054 710 2146 765 17⁸
2178 710 2352 765 Codex
2387 709 2673 763 Vaticanus
2730 707 3143 763 Otthobonianus
3192 706 3369 769 {9.20,
3419 704 3541 759 ἱππ-ι
3569 744 3586 767 ,

1980 802 2223 857 chartae.
2260 800 2606 856 Dittocltttunt
2633 816 2752 854 cum
2795 799 3180 865 commentariis
3204 840 3219 864 ,
3256 806 3313 851 ut
3342 812 3505 866 supra
3535 799 3586 850 in

1982 893 2170 949 codice
2202 891 2263 948 Y.
2294 892 2403 949 Sed
2438 892 2524 946 hic
2565 892 2833 961 integrum
2864 900 2945 946 est
2971 905 3140 959 opus,
3170 890 3224 943 in
3251 887 3406 955 cuius
3436 887 3542 942 line
3573 903 3589 940 :

1987 982 2218 1051 Esplicit
2248 982 2373 1036 liber
2405 980 2708 1037 Prudentii.
2743 980 2951 1037 Nomen
2982 980 3025 1037 Ζ
3054 980 3179 1035 huic
3208 980 3311 1036 erit
3332 978 3505 1035 codici
3537 980 3592 1035 in

1984 1076 2398 1129 commentario.

2060 1166 2151 1223 18⁸
2180 1167 2353 1222 Codex
2408 1166 2698 1235 Vaticanus
2743 1166 3156 1221 Otthobonianus
3192 1164 3333 1221 129⁸1
3362 1206 3379 1229 ,
3425 1178 3599 1218 mem-

1990 1257 2286 1311 branaceus
2312 1299 2323 1315 .
2361 1257 2415 1311 in
2454 1256 2582 1310 folio
2610 1298 2625 1320 .
2659 1258 2843 1313 saeculi
2885 1273 2979 1311 xui
3010 1267 3103 1311 aut
3128 1273 3216 1312 xlv
3243 1299 3259 1323 ,
3291 1257 3514 1327 elegans
3542 1266 3599 1311 et

1989 1350 2159 1403 titulis
2214 1350 2383 1403 minio
2433 1350 2720 1416 descriptis
2767 1358 3023 1414 ornatus,
3058 1350 3147 1419 qtti
3182 1348 3356 1404 fuerat
3382 1364 3413 1403 e
3444 1346 3600 1402 libris

1988 1440 2215 1496 Joannis
2243 1442 2432 1508 Angeli
2464 1440 2619 1495 ducis
2652 1440 2721 1493 ab
2748 1441 3047 1509 Altaemps.
3084 1438 3276 1509 Incipit
3299 1438 3429 1493 liber
3461 1437 3600 1492 Pru-

1989 1535 2149 1588 dentii
2172 1549 2192 1587 :
2222 1534 2277 1593 id
2307 1542 2380 1587 est
2432 1532 2672 1586 columba
2700 1530 2839 1586 Novi
2867 1540 2917 1585 et
2958 1531 3153 1586 Veteris
3183 1531 3513 1586 Testamenti.
3542 1530 3601 1584 in

1990 1622 2394 1679 commentariis
2428 1606 2618 1677 titulus
2647 1636 2769 1676 esse
2811 1621 3013 1675 dicitur
3046 1639 3061 1675 :
3092 1620 3291 1688 Incipit
3320 1620 3452 1675 liber
3482 1620 3602 1673 Dit—

1995 1717 2177 1779 tochei,
2208 1714 2350 1785 quod
2378 1731 2562 1768 nomen
2582 1723 2655 1767 est
2685 1714 2752 1765 ad
2770 1714 3046 1784 placitum,
3072 1714 3164 1767 ditt
3192 1710 3392 1775 (ἕπει-ο,
3422 1710 3605 1785 Latins
3702 1756 3726 1771 ι

276 1783 475 1875 tuenda
502 1783 619 1875 aia.
668 1818 923 1872 Antonius
957 1783 1615 1885 Sinibaldus'transcripsit
1667 1813 1886 1868 Floren-
1918 1806 1965 1866 Β
1990 1783 2228 1875 refectio;
2258 1804 2393 1859 “inc
2420 1804 2567 1859 ἀῖεεθ
2603 1804 3123 1859 οοῐηῐηθηῑπῖοτυιη
3167 1802 3305 1857 an“
3346 1783 3604 1870 ineptias

278 1916 386 1970 tite.
416 1914 566 1967 Anno
592 1912 783 1967 Christi
805 1925 1166 1965 uccccuxxt.
1201 1925 1288 1962 xx.
1312 1908 1617 1962 N0.Codex
1652 1908 1883 1975 in~folio,

201 1990 205 1994 ”
276 2005 591 2059 membrana
645 2001 813 2056 nitida
835 2041 851 2061 .
886 2002 1005 2055 laevi
1037 2008 1092 2054 et
1130 2000 1398 2067 candida,
1429 1999 1744 2054 charactere
1774 2000 1887 2055 ele-

277 2095 458 2166 gauli,
494 2095 739 2161 plurimis
768 2094 947 2145 aureis
974 2093 1167 2144 litteris
1211 2101 1266 2145 et
1311 2091 1539 2160 egregiis
1570 2091 1889 2160 imaginibus

283 2196 620 2248 sanctorum,
644 2182 995 2255 quoslaudat
1023 2182 1367 2246 Prudentius,
1402 2182 1605 2236 alfabre
1637 2191 1884 2250 ornatus,

278 2274 427 2343 quod
476 2274 770 2341 peritorum
818 2272 1095 2326 hominum
1138 2272 1353 2341 judJcio
1397 2286 1615 2340 possum
1647 2287 1891 2341 compro-

280 2362 412 2417 bare
442 2362 543 2434 (b).
576 2362 729 2417 llm~c
746 2362 989 2416 codicem
1015 2376 1271 2417 vocamus
1301 2360 1627 2429 Urbinatem,
1662 2374 1750 2417 aut
1781 2367 1890 2431 pri.

282 2458 386 2512 mis
412 2463 620 2509 tantum
655 2455 850 2510 litteris
877 2454 1002 2509 Urb.
1027 2494 1043 2520 ,
1071 2455 1138 2509 de
1166 2470 1275 2525 quo
1305 2454 1427 2509 vide
1451 2470 1615 2525 supra
1647 2471 1797 2511 num.
1825 2457 1895 2511 75

283 2546 546 2617 iudicium
586 2543 875 2599 Holstcnii.

360 2639 461 2693 {5°
508 2636 685 2692 Codex:
733 2637 1012 2691 Vaticanus
1064 2636 1474 2691 Utthubcuianus
1514 2636 1623 2693 257
1670 2636 1898 2694 Charta-

287 2743 442 2796 θεοῦ,
473 2731 613 2783 iit-8.
647 2729 967 2783 Prudentius
988 2732 1054 2783 de
1080 2730 1145 2786 Β.
1172 2731 1439 2785 Cassiano.
1475 2731 1587 2787 lloc
1606 2733 1730 2787 cod.
1761 2748 1892 2786 cou-

291 2822 495 2878 tinetur
514 2822 754 2893 Legenda
779 2824 840 2878 S.
868 2823 1104 2877 Cassiani
1128 2826 1379 2893 mwtyris
1409 2840 1499 2894 per
1526 2822 1619 2878 Fr.
1643 2824 1898 2879 Iacobum

296 2916 390 2987 (de
432 2915 719 2985 Voragine)
748 2916 947 2969 ordinis
985 2915 1161 2969 Prwd.
1190 2915 1491 2981 rompilata.
1520 2915 1654 2969 Eam
1687 2917 1901 2970 dedicat

299 3005 619 3061 Franciscns
663 3004 863 3060 Ferrus
900 3005 1196 3060 canonicus
1246 3004 1525 3060 lmolensis
1567 3006 1901 3076 Hieronymo

298 3096 551 3151 Dandino
582 3093 842 3164 episcopo
872 3095 1150 3150 lmolensi.
1181 3095 1415 3151 Jacobus
1456 3112 1588 3153 vero
1631 3100 1902 3154 scribebat

1994 1899 2051 1954 lu
2081 1900 2185 1954 line
2218 1914 2234 1953 :
2269 1897 2501 1967 Explicit
2528 1896 2762 1950 columba
2799 1895 2998 1951 Veteris
3022 1904 3071 1950 et
3106 1894 3243 1951 Novi
3264 1893 3602 1950 Testamenti.

1996 1991 2162 2047 Tituli
2191 1990 2392 2045 diversi
2419 1997 2547 2044 sunt
2569 1994 2636 2042 ab
2653 1987 2911 2058 antiquis,
2938 2002 3005 2043 ex
3036 1984 3255 2057 ingenio
3287 1986 3603 2054 interpretis

1996 2085 2120 2141 fusi.
2140 2084 2319 2139 Codex
2337 2082 2645 2149 mendosus,
2667 2082 2755 2151 qui
2773 2090 2954 2136 tamen
2971 2096 3000 2133 a
3019 2080 3174 2135 nobis
3191 2079 3471 2133 vocabitur
3489 2079 3598 2132 ΑΛ.

2071 2178 2167 2233 190
2200 2175 2374 2231 Codex
2422 2174 2707 2229 Vaticanus
2750 2172 3167 2227 Otthobonianus
3220 2171 3399 2239 1502,
3454 2172 3615 2241 εει-4,

1999 2270 2303 2326 membran.
2315 2309 2329 2331 .
2343 2267 2562 2336 elegans
2576 2277 2631 2321 et
2652 2266 2823 2319 titulis
2844 2262 3263 2321 versicoloribus
3276 2262 3603 2332 descriptus.

2001 2363 2193 2431 Incipit
2240 2360 2369 2415 liber
2404 2360 2467 2413 de
2497 2358 2700 2412 duobus
2737 2357 3101 2411 Testamentis.
3136 2356 3203 2410 Et
3230 2356 3412 2411 statim
3448 2373 3461 2409 :
3498 2354 3611 2408 an

2000 2454 2259 2509 columba.
2291 2453 2397 2507 Alii
2429 2452 2571 2506 tituli
2593 2460 2718 2506 sunt
2748 2460 3000 2506 recentes
3027 2467 3039 2501 :
3088 2450 3143 2504 in
3196 2451 3344 2503 fine:
3378 2447 3613 2520 Explicit

2001 2548 2131 2601 liber
2169 2545 2442 2600 Prudentii
2483 2546 2546 2598 de
2595 2544 2796 2598 duobus
2834 2542 3199 2597 Testamentis.
3252 2542 3614 2597 Dittochatum

2003 2640 2191 2710 incipit
2220 2639 2311 2694 fol.
2348 2639 2415 2693 η
2456 2638 2617 2708 hujus
2646 2637 2879 2701 codicis;
2923 2635 3056 2690 folio
3086 2650 3215 2689 vero
3244 2635 3313 2690 59
3349 2634 3614 2704 reperitur

2006 2731 2425 2805 Psychomacltia
2448 2772 2464 2794 ,
2499 2732 2554 2785 in
2592 2729 2771 2787 indice
2812 2728 3157 2784 bibliotheca:
3188 2727 3465 2781 Vaticanis
3512 2726 3617 2781 mia

2006 2828 2151 2882 nime
2175 2834 2381 2879 notata.
2400 2823 2559 2879 Nulla
2586 2829 2672 2877 est
2692 2822 2979 2890 inscriptio
3006 2835 3182 2890 neque
3200 2820 3251 2873 in
3270 2817 3612 2889 prcefatione,

2006 2934 2182 2987 neque
2225 2918 2279 2973 in
2310 2931 2495 2982 opere,
2552 2913 2696 2989 quod
2745 2914 2945 2969 desiuit
2993 2914 3047 2967 in
3079 2926 3239 2966 versu
3264 2952 3281 2979 ,
3332 2909 3617 2965 Reddhnus

2005 3020 2225 3064 aeternas
2250 3048 2265 3073 ,
2292 3017 2399 3064 etc.
2434 3005 2592 3063 mtas
2622 3004 2829 3061 codicis
2856 3015 2942 3061 est
2976 3004 3161 3059 stnculi
3211 3018 3307 3058 xtu
3358 3004 3578 3059 circiter
3598 3042 3627 3069 ,χ

2008 3115 2169 3171 quem
2199 3113 2299 3152 nos
2332 3096 2425 3152 BB
2452 3110 2855 3165 nuncupamus.

297 3189 558 3244 Bononiae
602 3203 746 3243 anno
776 3187 938 3243 {282.
972 3188 1122 3244 Folio
1152 3188 1221 3242 27
1256 3208 1271 3244 :
1300 3188 1616 3245 Prudentius
1660 3204 1809 3261 poeta
1840 3195 1904 3247 de
1933 3174 1978 3235 (ἶ
2081 3194 2173 3248 20.
2208 3191 2386 3247 Codex
2437 3189 2728 3246 Vaticanus
2776 3188 3191 3243 Otthobonianus
3235 3185 3379 3242 5325
3403 3226 3419 3249 ,
3465 3186 3614 3253 inst,

298 3278 368 3335 Β.
399 3277 649 3334 Cassiano
675 3282 750 3332 ita
784 3280 966 3333 cecinit
993 3295 1012 3333 :
1038 3280 1223 3350 Sylla,
1252 3288 1361 3336 etc.
1389 3280 1446 3336 In
1481 3282 1588 3337 line
1621 3298 1635 3337 :
1665 3283 1904 3338 Pruden-

299 3372 423 3435 tius,
455 3378 513 3423 ut
538 3381 716 3423 notum
750 3380 849 3438 est,
880 3370 1004 3440 ﬁdei
1033 3374 1133 3435 vir,
1160 3382 1208 3426 et
1229 3373 1471 3443 religiosa
1498 3376 1743 3446 dogmata
1769 3396 1905 3446 poc-

300 3460 457 3515 utetis
509 3462 663 3514 etiam
700 3461 1036 3531 iucunditate
1074 3466 1466 3535 commendans,
1507 3480 1615 3522 etc.
1654 3470 1750 3525 ll:c
1801 3472 1906 3527 erit

300 3550 475 3607 codex
498 3552 675 3607 dictus
713 3552 784 3607 Χ.
1558 3550 1561 3551 ν

376 3642 474 3698 16ο
507 3642 685 3697 Codex
720 3641 1000 3697 Vaticanus
1033 3644 1449 3701 Otthobonianus
1485 3650 1653 3718 1195,
1691 3654 1909 3707 charta-

303 3748 471 3798 ceus,
506 3736 559 3789 in
590 3739 624 3790 4
653 3778 668 3804 ,
703 3747 822 3791 erat
863 3752 929 3790 ex
972 3737 1248 3793 codicibus
1277 3740 1499 3795 Joannis
1532 3743 1721 3812 Angeli
1754 3745 1907 3801 ducis

303 3824 377 3878 ah
403 3826 701 3894 Altaemps.
724 3825 1068 3881 Dittochw’um
1095 3830 1218 3890 sine,
1242 3830 1349 3884 ulla
1378 3831 1747 3901 inscriptione.
1772 3838 1909 3891 Sunt

306 3918 501 3987 gloss:
545 3920 820 3974 nonnulla
857 3922 997 3975 inter
1034 3920 1227 3977 lineas.
1260 3922 1453 3977 Exstat
1496 3927 1604 3996 67
1630 3943 1750 3997 pag.
1805 3929 1907 3986 108

308 4013 472 4082 huius
516 4016 720 4071 codicis
772 4016 1142 4081 Dittochteam,
1174 4020 1315 4089 quod
1346 4021 1612 4086 diximus,
1661 4036 1713 4078 et
1763 4026 1906 4081 idem

304 4120 443 4175 opus
472 4122 593 4176 pag.
629 4108 735 4164 115
763 4123 884 4162 cum
924 4113 1327 4165 commentariis
1352 4113 1703 4181 longioribus,
1734 4119 1830 4172 sed
1856 4120 1907 4173 in

307 4198 412 4250 hoc
451 4198 692 4253 secundo
727 4199 902 4253 solum
942 4209 1068 4253 sunt
1112 4203 1221 4257 duo
1262 4205 1433 4272 prima
1478 4212 1813 4265 tetrasticha.
1853 4214 1908 4269 In

306 4286 497 4342 limine
519 4292 895 4344 commentarii
928 4291 1152 4345 secundi
1181 4293 1380 4347 dicitur
1406 4312 1419 4349 :
1452 4294 1599 4351 Inter
1620 4316 1776 4368 Opera
1797 4321 1912 4371 qua:

304 4379 427 4449 fecit
465 4376 779 4434 Prudentius
804 4422 819 4444 ,
853 4381 948 4433 hoc
970 4398 1077 4434 esse
1102 4382 1434 4437 utilissimum
1461 4426 1477 4451 ,
1506 4389 1654 4455 cujus
1696 4396 1912 4449 materia

304 4481 383 4526 est
408 4470 601 4540 duplex
629 4472 837 4541 refectio
862 4472 997 4527 Novi
1017 4485 1065 4528 et
1100 4473 1299 4530 Veteris
1332 4476 1663 4547 Testamenti,
1698 4494 1751 4539 et
1786 4489 1909 4541 ιίιυ.

2009 3284 2351 3350 chartaceus,
2383 3281 2725 3337 Dittochteum
2746 3281 2866 3335 sine
2896 3279 3075 3350 primo
3117 3278 3273 3334 titulo
3312 3294 3326 3331 :
3357 3287 3484 3333 sunt
3524 3278 3618 3332 alii

2012 3375 2154 3432 tituli
2212 3376 2266 3431 in
2301 3373 2666 3441 tetrastichis,
2717 3372 2812 3428 sed
2842 3382 3115 3433 recentes.
3148 3371 3206 3425 In
3244 3370 3499 3425 omnibus
3536 3371 3624 3425 his

2009 3467 2419 3535 exemplaribus
2450 3463 2737 3522 Dittochzei
2794 3464 3000 3519 easdem
3032 3463 3147 3520 fere
3189 3471 3483 3519 occurrunt
3525 3478 3621 3516 va-

2011 3561 2257 3628 rietates,
2290 3572 2465 3628 neque
2497 3558 2671 3628 magni
2694 3571 2882 3611 eorum
2910 3557 3206 3610 auctoritas
3231 3565 3317 3610 est
3348 3554 3617 3613 habenda.

2014 3651 2289 3707 Hactenus
2325 3651 2394 3707 de
2421 3649 2698 3723 codicibus
2730 3649 3023 3715 Vaticanzs,
3054 3663 3286 3719 quorum
3316 3648 3619 3718 catalogum

2012 3758 2041 3797 a
2094 3760 2181 3800 me
2211 3744 2517 3799 confectum
2548 3743 2593 3796 si
2622 3743 2875 3796 conferas
2901 3757 3024 3796 cum
3070 3742 3136 3795 iis
3162 3757 3281 3809 qua:
3307 3740 3376 3795 de
3404 3740 3610 3794 eisdem

2012 3836 2169 3891 aﬂert
2199 3834 2663 3902 Montlauconius,
2712 3834 2867 3888 facile
2906 3848 3169 3903 agnosces
3222 3849 3381 3903 quam
3416 3840 3482 3890 sit
3522 3837 3622 3891 im-

2014 3928 2248 3998 perfecta
2272 3925 2591 3980 Bibliotheca
2615 3923 3040 3979 bibliothecarum
3069 3941 3190 3978 mss.
3218 3924 3402 3995 Neque
3441 3937 3621 3982 tamen

2015 4017 2409 4075 contemnenda
2460 4026 2545 4073 est
2579 4016 2677 4071 viri
2704 4014 2853 4071 docti
2884 4024 2941 4071 et
2980 4016 3381 4086 diligentissimi
3422 4034 3620 4089 opera.

2018 4128 2123 4183 qua
2154 4112 2381 4165 multum
2404 4110 2581 4179 juvari
2614 4117 2868 4180 possunt,
2893 4109 3087 4179 quibus
3131 4111 3359 4167 facultas
3386 4127 3492 4167 non
3542 4124 3628 4169 est

2019 4199 2341 4272 inspiciendi
2386 4214 2481 4270 per
2511 4214 2572 4254 se
2610 4198 2828 4254 codices
2868 4208 2925 4255 et
2970 4198 3348 4256 bibliothecas.
3399 4203 3516 4258 lam
3555 4205 3631 4261 de

2019 4295 2298 4352 codicibus
2348 4292 2627 4348 Prudentii
2658 4292 3062 4360 Ratisbouensi,
3094 4294 3347 4365 Prageusi
3378 4308 3435 4352 et
3466 4298 3627 4353 Vien-

2023 4389 2198 4451 nensi,
2225 4401 2452 4453 quorum
2476 4387 2653 4441 varias
2684 4386 2944 4441 lectiones
2972 4402 3001 4441 a
3035 4386 3263 4443 Dlarietti
3290 4391 3401 4463 68
3425 4390 3489 4445 ad
3503 4409 3625 4447 iver-

2021 4488 2180 4543 sariis
2203 4494 2479 4540 mutuatus
2506 4498 2649 4550 sum,
2672 4497 2843 4554 pauca
2870 4484 3046 4539 dicam
3074 4487 3125 4539 in
3150 4497 3273 4540 neta
3299 4486 3395 4556 (c).
3423 4487 3630 4545 Prauer

378 4644 459 4715 (η)
498 4646 572 4700 lta
606 4647 787 4713 incipit
819 4666 853 4731 ,ς
904 4647 1233 4731 Kgroclteum
1262 4666 1283 4704 :
1306 4651 1409 4731 ‘id_
1435 4662 1562 4731 est,_
1590 4660 1903 4731 manualem.
1935 4665 1986 4725 D
2013 4662 2299 4716 sociorum.
2333 4660 2424 4725 Et,
2474 4659 2669 4715 Versus
2707 4662 2760 4714 in
2806 4662 3015 4716 laudem
3065 4663 3351 4731 baptisterii
3404 4669 3629 4727 duorum

306 4714 604 4771 Exantemn
636 4733 656 4771 .'
682 4735 773 4772 sea:
797 4714 1019 4772 dierum.
1044 4722 1366 4787 Apotheosis,
1392 4723 1429 4775 i.
1455 4740 1499 4775 e.
1521 4714 1590 4777 Vde
1613 4714 1904 4786 divinitate;

305 4787 658 4862 Amartigenia
678 4829 696 4853 ,
729 4790 765 4840 i.
797 4806 836 4841 e.
894 4799 1221 4859 peccatorum
1247 4793 1409 4862 origo.
1443 4792 1855 4862 Psychomachia
1884 4818 1903 4856 :

304 4859 499 4931 animi;
527 4874 717 4931 pugna,
746 4870 890 4923 etc,;
921 4876 1041 4927 quae
1071 4875 1191 4931 sunt
1223 4859 1416 4931 glossm
1446 4859 1534 4917 ad'
1560 4867 1722 4922 vitam
1773 4870 1908 4927 Pru-

307 4928 540 4979 dentiia
566 4928 848 4983 Gennadio
874 4928 1257 4995 conscriptam:

383 4997 461 5066 (ὁ)
488 4997 544 5069 In
575 5014 797 5069 operum
828 5000 1017 5054 ordine
1046 5001 1361 5057 collocando
1393 5004 1479 5058 hic
1507 5005 1677 5062 codex
1713 5010 1907 5069 similis

308 5078 395 5152 est
418 5068 607 5152 codici.
623 5068 942 5152 Florentino
955 5070 1071 5152 nde
1116 5074 1329 5152 quomad
1362 5091 1511 5152 nn‘m.
1545 5076 1615 5132 85
1644 5090 1695 5133 et
1716 5096 1906 5152 seqq.,

308 5149 407 5200 et,
437 5146 495 5216 ut
522 5139 713 5207 opinor
738 5185 751 5206 ,
784 5156 850 5194 ex
906 5142 1163 5216 Urliinate
1208 5142 1550 5199 Florentinus
1583 5160 1664 5202 est
1696 5139 1903 5208 deseri;

315 5213 854 5289 ptus,'autnuterque
880 5227 950 5289 ex
979 5213 1161 5289 aliquo
1196 5216 1567 5289 vetustissimo
1582 5225 1901 5288 exemplari.

308 5278 543 5361 lllﬂilbl‘o
584 5278 1014 5361 Cathemerinmn
1053 5278 1389 5361 pleraqne‘ut
1421 5287 1472 5339 in
1513 5278 1825 5345 Florentino
1852 5303 1907 5347 et

308 5348 473 5430 editis
499 5366 515 5430 ξ
548 5351 643 5405 sed
678 5351 730 5430 hi
763 5348 1062 5430 peculiares
1090 5348 1230 5430 tituli
1257 5356 1375 5430 ,_Ad
1398 5359 1522 5430 galli
1545 5372 1793 5427 cantum;
1825 5364 1904 5417 Ad

309 5422 660 5474 incensionem
691 5422 949 5503 lucernis;
991 5422 1059 5503 in
1088 5426 1227 5503 omni
1258 5422 1415 5503 hora}
1450 5429 1599 5483 Circa
1644 5422 1909 5503 exsequias

311 5502 637 5568 mortuorum
653 5511 672 5555 ;
695 5492 761 5545 In
788 5498 962 5568 natale
981 5494 1188 5568 Domini
1208 5512 1233 5568 ,ﬁ
1252 5494 1326 5550 De
1360 5498 1672 5568 Epiphania.
1693 5503 1747 5555 In
1774 5492 1911 5558 iibro

310 5559 747 5642 Beristephanmn
799 5563 1275 5642 deestﬂinscriptio
1318 5559 1543 5642 libri'et
1615 5573 1798 5642 hymni
1861 5576 1910 5627 1.

311 5632 577 5713 §cribitur
630 5651 643 5686 :
706 5632 884 5687 Passio
946 5632 1258 5713 Sanctorum
1318 5639 1559 5693 tredecim
1626 5632 1908 5713 trietrtyt'ttttt

312 5701 919 5779 charaugustanorum,
954 5720 1050 5779 pro
1080 5705 1393 5779 Sanctorum
1421 5714 1721 5765 octodecim.
1758 5701 1911 5779 lieni,

314 5769 501 5831 Passio
532 5769 595 5830 δ’.
629 5771 905 5829 Fructuosi
956 5769 1107 5846 primi
1153 5778 1379 5851 episc0pi
1435 5782 1839 5839 Tarraconensis
1868 5769 1912 5839 ci

2014 4743 2304 4802 martyrum
2330 4733 2585 4801 sanguine
2607 4732 2844 4786 illustris.
2871 4733 3082 4789 Caetera
3114 4746 3171 4791 ut
3201 4737 3254 4791 in
3286 4738 3474 4795 codice
3506 4742 3629 4798 Flo-

2016 4806 2253 4858 reutino.

2088 4876 2163 4942 (c)
2195 4874 2270 4926 De
2310 4870 2496 4926 codice
2541 4871 2919 4928 Ratishonensi
2952 4876 3065 4928 hmc
3113 4886 3263 4931 notat
3293 4878 3572 4935 Μτιιιῑθῖιης
3608 4902 3621 4937 :

2017 4942 2195 5021 Codeta:
2228 4944 2526 5021 monasterii
2658 4943 2930 5021 ‘Entera‘mi
2962 4948 3194 5021 omnium
3234 4954 3475 5016 optimus,
3504 4970 3627 5021 quos

2016 5016 2256 5091 viderim,
2310 5024 2357 5065 et
2397 5014 2546 5091 plane
2572 5016 2764 5091 bonus,
2796 5016 2913 5091 nisi
2955 5014 3369 5091 imperitissimus
3416 5014 3629 5091 quidam

2022 5084 2187 5137 multa
2213 5100 2308 5138 sua
2356 5085 2696 5137 substituisset
2726 5087 2981 5152 prioribus
3012 5087 3086 5139 ita
3109 5092 3268 5143 erasis
3290 5132 3306 5155 ,
3339 5103 3392 5143 ut
3427 5084 3629 5148 nullum

2018 5156 2240 5227 omnino
2276 5156 2459 5223 prisca?
2511 5156 2741 5227 lectionis
2778 5159 2996 5227 supersit
3028 5159 3337 5227 vestigium,
3370 5166 3508 5226 quod
3537 5182 3630 5219 nos

2015 5227 2120 5279 suis
2145 5220 2787 5285 locis'uotavimusﬂuare
2834 5220 2935 5280 non
2966 5239 3089 5290 puto
3116 5220 3263 5297 posse
3290 5220 3462 5285 adhuc
3488 5235 3629 5287 Pru-

2015 5299 2245 5348 den:ium
2272 5306 2447 5348 exacte
2477 5298 2705 5364 corrigi,
2738 5307 2786 5351 et
2830 5300 3048 5365 pristino
3080 5304 3239 5353 nitori
3267 5306 3501 5365 restitui,
3529 5306 3627 5358 nisi

2017 5368 2180 5441 a‘ium
2210 5368 2572 5419 nanciscamu’r
2594 5379 2809 5441 veterem
2832 5370 3055 5421 codicem
3090 5384 3279 5436 prwter
3305 5390 3411 5437 eos,
3444 5378 3628 5441 quibus

2020 5440 2099 5511 uti
2129 5453 2327 5498 sumus,
2356 5446 2402 5489 et
2424 5454 2547 5505 quo,
2571 5454 2687 5504 qua:
2711 5439 2794 5491 hic
2817 5441 3000 5492 abrasa
3024 5450 3161 5511 sunt.
3194 5448 3393 5496 restitui
3409 5439 3625 5511 possint.

2021 5507 2151 5586 Cum
2182 5523 2240 5586 eo
2279 5517 2730 5586 autem_ttostrnm
2773 5507 3167 5579 diligentissime
3203 5507 3513 5571 contulitnus
3539 5558 3555 5586 ,
3584 5528 3630 5574 et

2022 5579 2151 5629 nihil
2181 5578 2434 5631 diversum
2462 5579 2513 5629 in
2532 5594 2589 5631 eo
2621 5580 2743 5644 fuit,
2771 5578 2908 5649 quod
2938 5584 2987 5633 in
3022 5593 3197 5635 nostro
3222 5601 3326 5637 non
3352 5578 3633 5641 adnotame-

2022 5650 2186 5699 rimus
2222 5662 2241 5701 :
2275 5650 2505 5713 quamvis
2547 5650 2635 5702 ubi
2667 5662 2837 5723 noster
2864 5669 2979 5703 cum
3026 5653 3116 5704 illo
3156 5659 3441 5709 convenerit
3466 5700 3481 5723 ,
3537 5674 3632 5711 non

2023 5734 2222 5785 semper
2281 5723 2659 5797 notaverimus.
2703 5722 2884 5797 Itaque
2934 5739 3046 5773 cum
3090 5726 3219 5777 nhil
3271 5722 3519 5797 reperitur
3582 5736 3630 5784 in

2029 5799 2199 5842 nostra
2232 5800 2460 5843 notatum
2492 5791 2820 5857 peculiariter
2848 5833 2859 5855 ,
2895 5805 3085 5847 certum
3115 5791 3461 5868 signum'erit,
3496 5818 3625 5853 cam-
