4322 6408
672 309 771 366 651

2086 298 2540 359 PRUDEN’I‘IUS.

3830 303 3936 359 652

671 424 769 477 bos
795 420 1005 477 codices
1034 418 1309 472 Maricttus
1345 416 1568 471 contulit
1594 417 1755 471 etiam
1787 414 2072 470 Vaticanos
2110 418 2153 469 A
2183 422 2241 469 et
2265 415 2322 477 Α
2342 416 2606 483 scriptoris
2655 416 2843 471 uideas.
2895 416 3164 487 Antiquior
3192 425 3357 470 tamen
3387 417 3587 471 videtur
3623 416 3931 473 Prudentius

669 514 733 579 Β,
783 523 837 569 et
862 512 1175 567 varietatem
1212 508 1453 565 lectionis
1475 508 1707 579 margini
1745 507 2001 575 editionis
2040 506 2247 563 Aldina:
2348 507 2503 577 regite
2530 503 2839 561 bibliothecae
2883 506 3294 575 (bibliothecam
3336 506 3689 563 Parisiensem
3734 506 3930 563 intelli-

667 604 1070 660 aecuratissime
1118 601 1381 671 ascripsit.
1429 601 1537 656 Hac
1578 599 1851 665 editione,
1897 602 2244 656 curiosissimi
2345 596 2421 666 git
2470 598 2890 653 Ilontfauconius
2918 600 2961 663 ).
3008 598 3085 653 De
3130 600 3317 656 codice
3372 598 3752 655 Mediolanensi
3805 598 3927 655 vide

671 695 905 750 hominis
929 694 1106 749 studio
1154 695 1503 760 locupletnta,
1536 691 1773 761 adjulum
1811 707 1899 747 me
1921 707 2043 747 esse
2072 692 2244 747 libens
2347 706 2497 745 num.
2532 692 2600 745 75
2626 700 2681 745 et
2706 690 2825 745 100.
3918 693 3929 699 “

665 766 920 849 proﬁteor
942 829 958 853 ,
987 799 1091 839 non
1118 785 1292 840 solum
1321 794 1377 839 ut
1401 784 1590 853 ingrati
1618 783 1783 838 animi
1811 783 1997 837 vitium
2022 783 2239 851 fugiam,

2416 786 2505 837 8t.
2548 782 2768 853 Pergam
2810 797 2874 837 ex
2904 782 3325 839 Montlauconio.
3373 782 3429 838 In
3459 782 3707 839 biblioth.
3736 780 3924 838 Cotto-

662 875 757 930 sed
782 876 943 928 etiam
993 881 1052 928 ut
1080 873 1373 929 editionem
1406 887 1579 928 meam
1608 872 2007 929 commendem.
2057 872 2242 942 Neque
2343 872 2499 924 niaua
2531 873 2584 927 in
2608 872 2725 941 ejus
2753 882 2900 940 parte
2921 886 3041 943 qua:
3066 872 3337 943 Cleopatra
3359 873 3686 937 inscribitur,
3709 874 3876 928 codex
3896 891 3917 929 :

661 979 838 1022 tamen
894 976 1176 1037 propterea
1222 966 1457 1021 laborem
1507 967 1674 1022 ullum
1705 965 2034 1035 subterfugi,
2078 979 2237 1033 quem
2339 966 2535 1018 Aurelii
2559 964 2825 1018 Prudentii
2850 965 2913 1017 de
2934 963 3216 1018 Virtutibus
3235 975 3281 1018 et
3307 962 3452 1019 Vitiis
3476 964 3916 1036 (Psycbomacbia

657 1070 789 1111 sane
847 1057 1115 1126 ingentem
1143 1057 1421 1111 exantlare
1466 1070 1600 1125 opus
1632 1055 1767 1118 luit,
1813 1062 1872 1109 ut
1904 1062 1981 1107 tot
2025 1053 2239 1109 codices
2339 1054 2455 1109 lucc
2495 1053 2633 1123 est).
2675 1054 2728 1107 In
2776 1053 2907 1107 bibl.
2951 1053 3233 1108 Bodleiano
3268 1053 3392 1107 cod.
3433 1053 3611 1109 2666:
3648 1052 3917 1108 Prndentii

656 1160 815 1209 mss.,
860 1162 889 1199 a
938 1145 1184 1201 Marietto
1214 1159 1318 1199 non
1353 1146 1517 1211 visos,
1548 1143 1877 1215 perlegerem
1905 1152 1959 1199 et
2005 1143 2146 1198 inter
2176 1158 2236 1199 se
2335 1148 2581 1216 pleraque
2607 1161 2722 1199 cum
2752 1146 3188 1201 adnotationibus.
3220 1147 3274 1201 lu
3318 1147 3449 1200 bibl.
3483 1146 3686 1215 Anglic.
3713 1145 3765 1200 in
3796 1145 3913 1199 col-

654 1237 1077 1301 cotnmittercm;
1103 1247 1214 1288 tum
1244 1236 1404 1288 etiam
1444 1242 1501 1288 ut
1523 1248 1584 1288 ea
1612 1247 1733 1302 quae
1761 1232 2035 1288 Mariettus
2061 1233 2230 1287 minu-

2335 1237 2472 1307 legio
2490 1235 2699 1291 Oriensi
2721 1236 2962 1303 Oxouite,
2997 1253 3143 1290 num.
3174 1251 3268 1291 seu
3296 1236 3419 1290 cod.
3451 1237 3558 1292 835
3581 1254 3594 1289 :
3619 1238 3746 1290 Aur.
3769 1234 3913 1289 Pru-

658 1327 867 1382 tissimo
895 1327 1208 1381 charactere
1233 1325 1493 1390 exaravit,
1544 1324 1702 1395 plene
1746 1323 1872 1378 intel
1901 1322 2130 1392 igercm,
2178 1332 2233 1378 et
2332 1330 2490 1383 dentii
2532 1338 2766 1401 poemata
2830 1330 3017 1394 optime
3062 1329 3252 1397 scripta
3295 1329 3476 1381 litteris
3523 1328 3909 1396 antiquissimis.

651 1421 969 1487 compendia
1014 1419 1307 1473 litterarum
1337 1432 1455 1485 qna:
1481 1416 1791 1480 adhibebat,
1824 1416 2066 1485 plurimis
2095 1416 2232 1472 inter
2331 1420 2465 1475 Ibid.
2514 1420 2568 1474 in
2596 1420 2785 1490 colleg.
2833 1419 2931 1474 SS.
2980 1418 3256 1473 Trinitatis
3284 1417 3504 1473 Omnia:
3550 1436 3693 1473 num.
3726 1417 3865 1473 2003
3892 1433 3909 1470 :

652 1525 711 1564 se
757 1509 1078 1578 comparatis
1131 1509 1301 1573 locis,
1331 1508 1599 1574 explicare
1628 1507 1846 1562 scirem.
1894 1507 1959 1561 Et
2006 1515 2065 1560 ut
2103 1521 2229 1561 vere
2327 1509 2601 1565 Prudentii
2649 1526 2826 1581 opera.
2884 1509 3013 1564 Ibid.
3058 1508 3112 1563 in
3162 1525 3293 1563 mss.
3343 1508 3505 1563 Isaaci
3562 1508 3712 1562 Vossi
3759 1523 3907 1562 num.

650 1600 859 1667 dicam,
894 1598 1120 1653 ﬂarietti
1150 1598 1453 1653 adversaria
1492 1598 1621 1653 milii
1650 1598 1949 1652 anril‘ndina
1984 1597 2225 1667 quadam

649 1691 882 1757 luerunt,
915 1689 1008 1745 sed
1049 1704 1119 1744 ex
1153 1705 1257 1761 qua
1304 1705 1491 1743 aurum
1530 1688 1764 1745 ell‘odere
1808 1688 1962 1743 labor
1996 1690 2119 1750 luit,
2169 1697 2225 1743 et

2325 1601 2467 1657 26l9
2490 1617 2505 1653 :
2541 1599 2809 1654 Prudentii
2836 1602 3187 1673 γνχομαχᾶα.
3214 1600 3347 1654 Ibid.
3372 1600 3424 1655 In
3447 1599 3577 1653 bibl.
3609 1598 3911 1653 llibernicis

2328 1690 2379 1744 in
2409 1704 2539 1745 mss.
2568 1689 2788 1745 Thema:
2817 1689 2970 1757 Gale,
3018 1705 3166 1745 nutn.
3195 1689 3331 1747 6007
3366 1708 3380 1746 :
3410 1689 3607 1744 Aurelii
3638 1687 3909 1743 Prudentii

646 1783 892 1839 molestia
923 1781 1099 1837 fructu
1123 1783 1315 1849 major.
1345 1781 1524 1849 Neque
1550 1782 1706 1836 facile
1727 1782 1847 1851 quis
1865 1820 1882 1846 ,
1909 1782 2007 1835 nisi
2032 1795 2222 1848 exper-
2252 1770 2301 1832 Β
2323 1781 2580 1851 quedam.

647 1880 755 1937 tus,
785 1872 1011 1938 credat,
1042 1888 1201 1943 quam
1226 1872 1437 1941 plenum
1470 1873 1731 1927 molestia:
1751 1887 1887 1941 opus
1908 1872 1976 1925 sit
2008 1871 2221 1927 codices

548 2028 549 2031 η
646 1976 778 2015 mss.
809 1964 1057 2017 evolvere
1083 1961 1148 2015 ad
1177 1976 1357 2016 veram
1402 1961 1682 2016 lectionem
1722 1962 2016 2017 eruendam
2050 1979 2063 2015 :
2095 1978 2219 2017 nam

645 2068 821 2121 smpe,
870 2054 957 2108 ubi
988 2054 1210 2124 exiguus
1265 2052 1464 2108 fructus
1494 2061 1750 2122 apparet,
1784 2054 2073 2109 maximum
2100 2064 2219 2109 stu-

645 2148 790 2200 dium
820 2146 1111 2199 adhibitum
1161 2146 1271 2217 69
1306 2144 1432 2210 fuit,
1484 2155 1541 2201 et
1566 2146 1833 2201 interdum
1890 2146 2079 2211 etiam,
2130 2147 2243 2219 ubi.

643 2239 823 2291 nullus
852 2256 863 2289 :
898 2236 1242 2307 qitzrenduin
1282 2236 1423 2290 cnim
1463 2236 1564 2291 hoc
1594 2247 1729 2304 erat,
1760 2253 1827 2291 au
1851 2238 2011 2293 lectio
2041 2239 2219 2309 aliqua

642 2342 777 2381 nova
809 2328 926 2381 erui
956 2335 1160 2397 posset.
1190 2326 1483 2383 Obscuram
1510 2328 1841 2397 diligentiam
1870 2331 2110 2385 nonnulli
2131 2346 2223 2387 ac—

642 2420 905 2473 cusabunt
930 2463 945 2487 ,
974 2419 1117 2490 quod
1148 2435 1364 2475 errores
1401 2420 1713 2475 manifestos
1742 2420 1985 2478 codicum
2016 2424 2221 2478 indica-

641 2514 835 2566 verim.
862 2512 1060 2567 Verum
1082 2527 1208 2568 cum
1233 2527 1419 2568 eorum
1446 2512 1535 2583 qui
1565 2524 1976 2582 prtcccsserunt,
1997 2530 2223 2583 praeser-

644 2605 739 2657 tim
773 2602 984 2659 Weitzii
1016 2611 1070 2659 et
1103 2603 1303 2658 Ileinsii
1346 2604 1581 2672 vestigiis
1610 2603 1919 2671 institerim,
1956 2606 2005 2659 id
2038 2606 2220 2661 utilius

641 2697 889 2767 prrstiti,
917 2704 973 2750 ut
998 2705 1053 2750 et
1068 2710 1283 2751 errores
1314 2709 1434 2751 esse
1454 2695 1870 2765 declaraverim,
1897 2709 1952 2752 et
1982 2698 2034 2751 iit
2065 2699 2219 2757 novis

637 2788 945 2861 aperiendis
974 2790 1131 2859 longe
1154 2787 1366 2860 parcior
1392 2788 1606 2842 luerim.

709 2882 800 2938 80.
840 2882 991 2936 Nunc
1032 2880 1168 2934 alios
1196 2879 1406 2935 codices
1449 2879 1711 2935 indicabo.
1752 2880 1908 2949 Apud
1956 2880 2221 2936 Montl'au—

572 3020 575 3021 ν
638 2974 851 3027 ronium
884 2973 987 3027 loc.
1016 2972 1110 3026 cit.
1138 2987 1201 3026 ex
1232 2971 1551 3025 bibliotheca
1572 2972 1849 3026 Casinensi
1878 2974 2047 3029 codex
2075 2974 2213 3029 222:

638 3064 877 3120 Carmina
921 3062 990 3117 ι).
1028 3063 1287 3130 Prosperi,
1318 3072 1423 3119 etc.
1457 3062 1723 3116 Prudentii
1750 3064 1877 3118 liber
1908 3066 1973 3119 de
2012 3064 2218 3120 Colunt-

2393 1873 2484 1931 82.
2527 1873 2667 1928 Idem
2700 1872 3148 1928 llontlauconius.
3186 1872 3241 1927 In
3271 1872 3401 1927 bibl.
3434 1872 3576 1940 regia
3620 1871 3907 1927 I‘arisieusi

2322 1966 2445 2021 cod.
2477 1964 2615 2020 4017
2654 1981 2667 2018 :
2722 1964 2994 2019 Prudentii
3039 1963 3213 2035 hymni
3242 1964 3420 2017 litteris
3450 1963 3746 2035 majnsculis
3787 1980 3905 2031 sep-

2324 2058 2448 2110 timo
2477 2056 2677 2111 circiter
2719 2058 2907 2111 uacula
2934 2054 3118 2123 scripti
3199 2052 3301 2125 (a).
3338 2054 3494 2119 Ihid.,
3535 2054 3699 2107 cedes
3733 2051 3903 2117 4018,

2325 2148 2502 2206 in-lol.
2533 2164 2738 2219 parvo:
2764 2147 3097 2203 Prudentius.
3118 2147 3277 2211 Ibid.,
3306 2145 3621 2202 Prudentius
3645 2146 3757 2200 in-i
3779 2145 3904 2201 cod.

2322 2239 2491 2309 4529,
2520 2242 2783 2308 secundo,
2813 2240 2975 2297 4530.
3026 2240 3182 2304 ιυια..
3214 2240 3337 2295 cod.
3388 2240 3528 2295 6550
3566 2255 3581 2292 :
3633 2236 3905 2290 Prttdentii

2325 2338 2569 2387 carmina.

2394 2431 2502 2501 70
2538 2431 2625 2486 85.
2665 2430 2795 2485 Item
2841 2444 2905 2482 ex
2951 2423 3343 2481 Moutl'auconio
3383 2424 3437 2478 in
3487 2420 3732 2478 biblioth.
3779 2418 3904 2475 Col.

2324 2522 2530 2576 hertina
2554 2521 2675 2577 cod.
2708 2521 2811 2575 857
2836 2537 2849 2573 :
2885 2515 3055 2584 Opera
3086 2516 3277 2570 Aurelii
3312 2513 3581 2568 Prudentii
3609 2512 3899 2565 Clementis.

2322 2612 2482 2677 Ibid.,
2509 2612 2630 2669 cod.
2666 2611 2844 2667 1682:
2874 2608 3067 2664 Aurelii
3098 2607 3363 2661 Prudentii
3388 2621 3561 2674 opera.
3593 2605 3748 2670 lbid.,
3777 2603 3900 2657 cod.

2323 2704 2461 2760 1682
2492 2722 2504 2757 :
2542 2704 2737 2758 Aurelii
2779 2702 3048 2756 Clementis
3074 2698 3346 2754 Prudentii
3382 2714 3537 2766 opera
3575 2712 3691 2749 cum
3718 2696 3901 2765 glossr's

2320 2794 2711 2865 marginalibus.
2759 2793 2913 2858 Ihid.,
2956 2792 3081 2847 cod.
3133 2790 3269 2849 ιωι
3297 2798 3353 2845 et
3399 2788 3535 2842 Mil
3584 2786 3901 2841 :Prudrntis'

2320 2904 2497 2955 opera.
2532 2888 2586 2941 In
2622 2886 2751 2941 bihl.
2782 2884 3263 2941 Saquermauensi
3292 2880 3417 2935 cod.
3446 2879 3589 2935 540:
3635 2876 3899 2931 Prudentii

2321 2995 2493 3033 versus
2532 2986 2708 3031 contra
2739 2976 3101 3047 Symmachum
3142 2972 3260 3027 libri
3286 2973 3409 3035 duo,
3438 2986 3542 3024 sino
3574 2970 3901 3039 quaternions

2320 3072 2517 3125 avulso.
2549 3069 2666 3124 Alia
2691 3068 2940 3137 opuscula
2968 3065 3176 3120 mettica
3213 3063 3441 3135 ejusdem
3468 3078 3534 3117 us
3557 3061 3791 3115 Oceano.
3824 3060 3900 3112 lie

640 3158 733 3212 bis.
790 3154 961 3211 Faceti
1007 3172 1165 3227 poene
1192 3157 1441 3220 carmina,
1474 3147 1583 3211 etc.
1613 3156 1715 3226 (de
1756 3158 2100 3223 inscriptione
2129 3160 2218 3214 illa
2244 3141 2291 3204 ε
2325 3166 2387 3221 S.
2441 3164 2726 3234 Hippolyto
2767 3169 2991 3231 martyre
3032 3158 3129 3231 (ne
3172 3160 3389 3211 OCEANO
3416 3155 3525 3209 dixi
3572 3168 3717 3207 num.
3768 3152 3895 3217 64).

640 3250 705 3303 de
732 3248 986 3303 Columbis
1017 3248 1133 3318 lege
1177 3263 1325 3303 num.
1356 3245 1489 3317 64.)
1521 3248 1675 3311 Ibid.,
1704 3249 1871 3303 codex
1906 3250 2009 3305 574
2035 3268 2047 3303 :
2082 3242 2217 3305 Poe-

638 3350 775 3394 mata
808 3338 1091 3394 Prudentii.
1122 3338 1178 3393 In
1224 3338 1468 3393 biblioth.
1521 3340 1770 3393 Laurent.
1806 3339 1997 3394 Medic.
2031 3339 2215 3396 Pluteo

635 3432 707 3485 23
732 3430 850 3484 cod.
885 3446 976 3495 xv,
1022 3430 1248 3483 membr.
1291 3429 1562 3483 Prutlenlii
1586 3429 1864 3484 Christiani
1891 3440 2056 3502 poeta:
2102 3449 2215 3485 car-

637 3524 797 3578 mina.
828 3522 984 3587 Ihiil.,
1018 3522 1156 3576 Plut.
1183 3520 1253 3576 '54
1276 3521 1399 3577 cod.
1432 3538 1461 3576 ι.
1487 3540 1497 3574 :
1532 3520 1798 3575 Prudentii
1826 3523 2057 3576 carmina
2076 3540 2216 3594 qure-

635 3613 753 3665 dam
787 3629 803 3667 :
850 3612 969 3667 linis
997 3611 1351 3666 desideratur.
1383 3612 1437 3666 Iit
1472 3612 1601 3667 bibl.
1637 3612 1942 3668 Florentius
1989 3614 2219 3670 Benedi-

633 3706 925 3759 etinorum:
952 3704 1224 3759 Prudentii
1244 3709 1307 3759 de
1338 3703 1389 3759 Ν
1395 3721 1485 3759 ovo
1510 3714 1557 3759 et
1589 3705 1755 3760 Veteri
1778 3706 2097 3763 Testamento
2127 3724 2215 3761 cc-

632 3798 731 3849 dea:
769 3813 962 3860 recens,
991 3796 1093 3850 hoc
1116 3807 1200 3852 est
1227 3798 1599 3851 Dittoebaeum.
1628 3798 1702 3851 Ex
1727 3798 1915 3853 eodem
1948 3799 2214 3854 Montl'au-

633 3888 792 3943 conio
818 3890 873 3942 in
918 3888 1233 3944 bibliotheca
1266 3889 1537 3956 Patavina,
1584 3906 1677 3945 seu
1711 3906 1895 3946 musco
1940 3893 2211 3949 Laurentii

635 3980 866 4050 I'ignorii
912 3999 924 4033 :
974 3978 1244 4034 Prudentii
1290 3979 1577 4053 Diptyclion
1617 3982 1789 4052 (Vide
1832 4001 1972 4038 num.
2001 3985 2120 4055 66).
2155 3988 2211 4043 In

632 4071 760 4125 bibl.
802 4058 1085 4128 Mc‘diolan.
1121 4073 1467 4127 Ambrosiaua
1504 4090 1515 4125 :
1548 4073 1819 4127 Prudentii
1863 4091 2058 4141 opera;
2090 4092 2211 4144 per-

630 4181 771 4234 gam.
817 4165 991 4220 bomb.
1026 4163 1296 4220 Prudentii
1323 4168 1483 4219 codex
1511 4166 1528 4225 l
1546 4167 1620 4219 ait
1650 4166 2105 4239 Montlauconius)
2138 4185 2207 4223 vit

630 4259 701 4310 rel
732 4273 819 4311 viti
846 4272 963 4309 uec.
990 4273 1009 4311 :
1033 4267 1138 4310 tam
1175 4267 1379 4351 remoue
1419 4258 1732 4328 antiquitatis
1760 4260 1845 4312 vim
1868 4260 2026 4313 alium
2054 4256 2209 4335 hujus

2320 3255 2480 3321 lbid.,
2534 3256 2587 3309 itt
2648 3254 2795 3308 hihl.
2854 3249 3187 3307 Murbacensi
3230 3264 3244 3300 :
3295 3245 3649 3309 Prudentius,
3692 3242 3895 3307 in-l'ol.,

2320 3350 2548 3404 membr.
2579 3347 2635 3400 In
2665 3346 2795 3401 bibl.
2824 3343 3134 3399 monasterii
3166 3341 3227 3398 Β.
3250 3339 3427 3395 Maria
3450 3338 3519 3393 de
3549 3337 3739 3397 Becco.
3767 3335 3893 3390 cod.

2324 3440 2425 3494 158
2448 3456 2461 3492 :
2496 3438 2687 3491 Aurelii
2714 3434 2982 3496 Prudentii
3001 3436 3121 3508 περὶ
3142 3433 3392 3503 Στεφάνων
3411 3473 3425 3496 ,
3457 3444 3547 3483 sets
3573 3428 3637 3481 de
3661 3425 3893 3491 Coronis,

2320 3532 2454 3589 ἰπὶ-8.
2504 3530 2674 3594 Ibitl.,
2720 3528 2773 3582 in
2806 3527 2935 3580 bibl.
2978 3522 3286 3578 mouaslerii
3334 3523 3384 3575 in
3436 3519 3679 3575 Pericula
3708 3520 3894 3585 maris,

2319 3625 2439 3679 cod.
2472 3623 2577 3679 62:
2607 3620 2877 3677 Prudentii
2898 3634 3072 3688 opera.
3098 3616 3152 3670 In
3180 3614 3308 3671 bibl.
3340 3613 3399 3670 S.
3429 3610 3660 3667 Victoris
3690 3610 3893 3666 νει-ξω

2319 3714 2630 3768 Prudentius
2656 3722 2835 3765 metro.
2879 3709 2934 3763 lu
2969 3707 3098 3762 bibl.
3139 3719 3269 3760 mss.
3298 3704 3356 3758 S.
3386 3701 3595 3759 Martini
3616 3702 3683 3756 de
3718 3700 3892 3755 Secz:

2316 3807 2587 3862 Tractatus
2632 3820 2781 3872 super
2820 3801 3129 3871 didi/icium
3166 3796 3439 3853 Prudentii
3467 3794 3573 3869 (de
3598 3808 3706 3865 quo
3732 3807 3896 3863 opere

2314 3899 2535 3955 consule
2575 3910 2630 3951 tt:
2662 3895 2732 3951 65
2746 3897 2786 3962 ).

2387 3992 2475 4045 8i.
2517 3988 2777 4042 Nonnulla
2822 3984 3075 4054 opuscula
3132 3989 3378 4053 separata
3424 3986 3706 4036 enumerat
3752 3976 3892 4031 idem

2316 4079 2761 4135 Montlauconius.
2794 4076 2847 4130 In
2880 4075 3009 4129 bibl.
3059 4074 3201 4142 regis
3242 4070 3531 4127 Parisiens.
3558 4068 3677 4124 cod.
3710 4067 3891 4123 60l6:

2313 4170 2581 4225 Prudentii
2625 4166 3005 4224 Stichomacltia
3050 4162 3291 4233 (corrige
3319 4160 3788 4231 Psychunacltia).
3837 4158 3892 4213 In

2312 4261 2556 4317 b.blioth.
2607 4258 2899 4314 academia:
2946 4254 3178 4311 Paulina
3228 4250 3572 4319 Lipsiensis:
3623 4248 3892 4304 Prudentii

630 4422 745 4471 item
772 4433 877 4470 esse
901 4416 952 4467 in
982 4416 1364 4488 illarlectionem
1387 4456 1401 4476 ,
1436 4429 1549 4478 quat
1586 4427 1658 4468 est
1697 4417 1751 4468 in
1780 4425 1965 4469 nostro.
2001 4415 2193 4470 Eodem
2224 4420 2275 4481 ι)
2299 4430 2349 4471 et
2408 4416 2699 4488 Epiphania
2755 4414 2987 4488 Domini.
3016 4414 3255 4488 —Oile_,
3298 4407 3459 4488 Pius,
3507 4408 3691 4488 ﬁdelis,
3740 4410 3889 4488 iuno.

630 4489 758 4541 libro
781 4503 901 4539 usus
924 4496 994 4539 est
1026 4484 1329 4548 Gipltanius,
1348 4497 1392 4537 et
1411 4487 1833 4539 nosnactisnmus
1846 4503 1999 4548 opera
2023 4488 2191 4541 Putris

631 4558 847 4611 [ἐονταάὶ
874 4556 1052 4609 Vitari.
1072 4554 1133 4608 In
1160 4557 1331 4607 eadem
1348 4555 1405 4608 S.
1424 4554 1679 4608 Emernmi
1695 4554 1987 4611 bibliotheca
2006 4568 2073 4610 est
2097 4558 2200 4610 Lu-

632 4645 789 4681 canus
818 4628 1055 4690 0ptin'tus,
1079 4635 1125 4678 et
1152 4626 1339 4677 Donati
1349 4627 1677 4694 grammatica
1703 4630 1823 4679 satis
1839 4628 2067 4691 antiqua.
2087 4638 2133 4681 et
2150 4630 2201 4681 in

630 4699 863 4753 sacristia
888 4696 1256 4767 Testamentum
1284 4695 1505 4757 Novum,
1533 4702 1774 4765 scriptum
1806 4698 1982 4750 litteris
2009 4702 2204 4767 majus-

634 4768 761 4820 culis
783 4777 941 4819 tutum
955 4778 1068 4819 ante
1081 4764 1185 4820 800
1202 4783 1360 4819 annos
1388 4764 1777 4832 elegantissime.
1796 4767 1909 4820 Hoc
1937 4779 2063 4833 puto
2085 4764 2204 4823 esse

632 4838 1025 4892 Testamentum
1044 4836 1270 4898 Novum,
1286 4837 1434 4901 cujus
1449 4837 1605 4887 Variae
1622 4838 1879 4892 lectiones
1894 4838 2205 4903 prodierunt

632 4906 1041 4961 annol786bac
1064 4907 1406 4975 inscriptione
1442 4903 1778 4959 :Dissertatio
1812 4914 1865 4959 in
1897 4924 2203 4968 aurcum.ac

631 4987 965 5047 pmgtustum
996 4975 1101 5047 ξε.
1128 4974 1518 5044 Euangeliorum
1541 4976 1762 5047 codicem
1790 4994 1886 5029 ms.
1910 4980 2205 5033 monasterii

634 5044 694 5102 3.
720 5045 979 5118 Emerami
995 5044 1155 5118 Ratisl
1176 5062 1304 5100 ante.
1328 5049 1542 5118 Auctore
1565 5045 1629 5098 P.
1662 5045 1978 5101 Colomanno
2003 5048 2201 5118 Sanftl,

633 5119 812 5171 litteris
835 5116 1053 5169 Joannis
1078 5115 1341 5169 Michaelis
1370 5117 1633 5180 Englertlt,
1660 5118 1820 5181 1⁸186,
1856 5119 1988 5172 ιιι-ι.
2016 5115 2206 5172 Asser-

632 5201 787 5241 vatus
816 5196 930 5241 erat
954 5186 1039 5240 hic
1068 5189 1233 5238 codex
1262 5187 1313 5241 in
1358 5187 1581 5239 ecclesia
1616 5189 1922 5240 monasterii
1956 5190 2015 5242 S.
2050 5191 2205 5243 Eme-

635 5259 769 5311 raini
797 5274 824 5311 a
849 5258 1127 5325 nongentis
1155 5258 1265 5309 lere
1291 5256 1528 5319 anuis,ut
1558 5258 1775 5324 exponit
1795 5267 1980 5311 aut-tor
2000 5259 2205 5313 disser-

636 5327 848 5380 tationis
877 5328 928 5380 in
964 5328 1288 5390 prmiatione.
1318 5328 1462 5379 Ordo
1491 5325 1691 5381 codicis
1723 5328 2125 5383 Ilatisbonensis
2169 5346 2197 5383 a

634 5397 877 5452 Marieuo
908 5397 1101 5450 relatus
1130 5408 1251 5459 est,
1284 5397 1555 5463 prrefatio,
1599 5395 1699 5449 Per
1734 5401 2097 5466 quinquennia.
2131 5429 2202 5439 —

637 5466 824 5534 Ilymni
850 5468 1031 5520 decent
1062 5466 1481 5519 Callioinerinwi
1502 5511 1515 5533 ,
1540 5476 1594 5518 ιιι
1626 5466 1677 5519 in
1706 5468 1960 5534 vulgatis,
1992 5469 2203 5523 duobus

636 5538 917 5607 postremis
948 5536 1157 5607 rejectis
1186 5537 1235 5588 in
1268 5537 1652 5607 ahumlorum.
1681 5568 1749 5577 —
1773 5537 2198 5607 I’eristepbanuu

637 5606 816 5674 hymni
847 5605 1125 5674 duodecim
1148 5649 1160 5665 ,
1191 5614 1247 5657 nt
1278 5608 1326 5659 in
1354 5606 1539 5659 codice
1566 5606 1891 5671 Florentino,
1928 5605 2076 5663 num.
2107 5610 2199 5670 δὸ.

639 5672 754 5727 Sari
801 5676 1036 5729 versibus
1082 5672 1448 5729 Constantina:
1489 5688 1539 5729 et
1579 5680 1634 5731 δ.
1666 5676 1874 5732 Dauliasi
1909 5679 1960 5732 in
1992 5681 2199 5735 laudem

640 5762 700 5802 Cu
729 5748 917 5815 Agnes.
954 5745 1072 5800 Post
1102 5744 1355 5815 hymnum
1376 5745 1430 5801 S.
1454 5747 1707 5811 Romani,
1728 5748 1906 5815 hymni
1932 5750 1995 5805 de
2018 5752 2195 5815 natali,

2308 4482 2543 4543 conm-‘-
2575 4485 2947 4541 Dittochzeum.
2978 4512 3049 4524 -—
3080 4484 3421 4549 Apotheo'sis.
3455 4510 3525 4521 —-
3552 4482 3885 4549 Hamartige-

2307 4566 2412 4613 nia.
2448 4587 2519 4601 —-
2549 4556 2987 4619 Psvcliomacbia.
3017 4583 3087 4593 -—
3132 4553 3271 4607 Libri
3310 4552 3417 4605 duo
3444 4550 3701 4604 adversus
3729 4551 3886 4619 Sym-

2307 4633 2575 4685 machum.
2621 4618 2697 4682 De
2746 4626 3021 4680 codicibus
3070 4624 3321 4691 Prageusi
3355 4632 3409 4675 ct
3441 4622 3722 4675 Viennensi
3754 4622 3886 4675 nihil

2304 4702 2574 4768 peculiare
2597 4696 2953 4752 animadverit
2970 4695 3263 4768 llariettus.
3284 4694 3641 4768 Viennensem
3668 4694 3741 4768 ait
3765 4705 3886 4745 esse

2303 4760 2652 4825 mendosum:
2683 4785 2787 4837 quo
2816 4770 2992 4820 solum
3027 4764 3449 4837 Psychomacliia
3481 4777 3651 4837 neque
3681 4760 3883 4837 integra

2303 4842 2629 4905 euutinetur,
2680 4832 2737 4892 ut
2780 4839 2832 4891 in
2876 4838 2994 4905 ipso
3022 4832 3203 4905 opere
3235 4835 3557 4887 notabimus.
3604 4832 3886 4905 Pragcnsis

2307 4912 2565 4966 lectiones
2590 4901 2859 4963 variantes
2897 4901 3025 4961 sunt
3060 4901 3136 4959 ἐκ
3177 4904 3312 4958 libro
3342 4906 3659 4971 hymnorum
3691 4901 3885 4955 Cathe-

2306 4986 2579 5047 merinon,
2608 4978 2926 5045 Apatbeosi,
2951 4975 3375 5040 Ilamartigenia,
3396 4972 3708 5047 Dittocba-o,
3736 4972 3886 5047 libris

2304 5065 2489 5107 contra
2522 5040 2925 5123 Symmachum,
2946 5047 3051 5123 sed
3082 5047 3135 5123 in
3172 5047 3262 5100 lib.
3286 5062 3323 5099 ιι
3352 5086 3365 5106 ,
3396 5060 3426 5097 a
3452 5059 3611 5099 versu
3647 5042 3707 5095 l7
3754 5040 3886 5095 [hcc

2304 5123 2388 5176 ubi
2411 5124 2549 5176 dicta
2565 5117 2736 5184 dedit,
2769 5117 2957 5184 reliqui
2986 5117 3381 5172 desiderantur.

2379 5195 2454 5259 (α)
2496 5193 2643 5247 llauc
2675 5182 2831 5245 habet
2866 5182 2916 5242 in
2948 5188 3207 5259 principio
3238 5197 3416 5259 notaui
3447 5182 3651 5259 recenti
3682 5196 3841 5259 manu
3869 5199 3882 5235 :

2308 5254 2577 5316 Prudentii
2592 5262 2718 5315 liber
2736 5254 3009 5315 secundus.
3033 5256 3448 5311 Cathemerinmn.
3475 5254 3885 5319 llamartigenia.

2308 5332 2677 5401 Psychomachi
2705 5334 2721 5402 (
2744 5333 2843 5391 sic,
2870 5331 2985 5397 lege
3013 5326 3457 5402 Psychomucliia).
3495 5324 3575 5402 Ea:
3614 5324 3751 5402 ltbro
3763 5328 3887 5402 Ampi

2306 5392 2565 5473 στῖφὰντρν
2592 5392 2807 5473 hymnus
2833 5419 2845 5455 :
2870 5392 3287 5473 limaﬁyribus
3316 5392 3603 5473 lleme_teri_o
3628 5406 3673 5473 et
3702 5392 3885 5473 libet}-

2305 5463 2458 5527 donio
2498 5463 2920 5538 Calaourritanis.
2949 5470 3012 5523 2°
3046 5463 3432 5521 DfLaurentio.
3464 5467 3526 5538 δέ)
3544 5463 3795 5538 _l$ul_a_lic.
3819 5464 3885 5538 ιτ

2308 5542 2600 5598 Octoderim
2619 5533 2922 5611 martyribus
2943 5539 3432 5611 C(csaraugustanis.
3456 5536 3512 5592 5‘
3537 5533 3596 5587 Β.
3626 5534 3883 5611 Yincentii

2304 5615 2649 5680 imperfectus.
2673 5605 2853 5667 Codex
2886 5610 3059 5665 in-l'ol.
3095 5605 3273 5673 parvo.
3310 5610 3381 5659 lle
3413 5605 3728 5680 boccodice
3759 5607 3885 5661 vide

2306 5676 2452 5739 num.
2484 5683 2573 5747 80.
2604 5694 2657 5739 et
2684 5684 3041 5752 praelationem
3076 5680 3272 5734 Ileiusii
3306 5694 3449 5733 num.
3484 5676 3600 5731 l00.
