4322 6446
397 418 494 475 633
572 390 575 391 ⁷

1757 407 2297 464 PRULEGUMENA.

3604 410 3709 465 στι

396 532 816 605 Psychomorhin.
854 532 1101 603 Ejusdem
1130 532 1521 599 Ilamartigenia
1549 538 1728 582 contra
1758 526 1989 580 Marcio—
2020 530 2069 585 Α
2169 526 2259 581 87.
2305 524 2563 595 Sequitur
2594 524 2645 580 itt
2671 524 2865 580 eodem
2889 524 3098 589 codice,
3130 537 3251 593 pag.
3285 524 3346 578 8|
3391 541 3402 575 :
3436 522 3710 580 Prudentii

394 626 546 680 nitas.
577 625 632 677 lii
664 625 794 677 bibl.
824 624 1033 693 collegii
1064 622 1159 677 SS.
1194 623 1473 677 Trinitatis
1502 620 1639 686 apud
1662 619 1947 672 Dttblintim
1975 634 1987 670 :

394 718 587 771 Aurelii
619 715 888 770 Prudentii
919 718 971 770 in
1014 727 1283 785 utrumque
1327 714 1710 769 Testamentum
1743 712 1994 764 Tetrasti-

393 810 510 865 cita.
542 808 667 863 Haec
696 818 961 878 suntquae
991 824 1060 862 ex
1090 806 1487 862 Montl'auconio
1513 802 1783 871 excerpsi,
1814 802 1868 855 in
1894 817 1988 855 cu-

391 901 472 971 ius
504 899 680 955 indice
709 902 901 953 iterum
932 912 1128 953 moueo
1157 898 1258 952 sub
1282 898 1439 951 unius
1467 894 1744 949 Prttdcntii
1776 893 1993 947 nomine

390 999 679 1058 uti-umque
726 988 1117 1053 Prudentium,
1164 987 1489 1043 Trecensem
1540 988 1888 1054 episcopum,
1940 991 1994 1036 et

391 1084 531 1136 hunc
557 1089 798 1135 nostrum
825 1080 1100 1135 Aurelium
1124 1078 1531 1143 comprehendi.
1555 1076 1829 1130 Prudentii
1858 1075 1992 1129 Tre-

390 1174 566 1228 censis
596 1158 754 1238 Opus,
790 1159 1055 1239 Praecepta
1097 1188 1161 1225 ea:
1201 1170 1370 1225 Veteri
1411 1181 1457 1221 et
1490 1168 1639 1221 Novo
1668 1166 1710 1220 Τ
1714 1176 1993 1220 estamento

392 1283 479 1332 pro
508 1267 841 1332 ordinandis,
873 1266 1014 1335 quod
1066 1264 1231 1319 semel
1264 1272 1320 1317 et
1349 1264 1541 1318 iterum
1573 1262 1805 1315 occurrit
1851 1259 1991 1326 apud

391 1357 866 1419 Montiuuconinm,
898 1355 1330 1420 distinguendum
1370 1362 1455 1408 est
1498 1353 1566 1406 ab
1616 1350 1821 1406 Aurelii
1854 1350 1991 1403 Pru-

387 1448 554 1504 dentii
599 1447 926 1501 Tetrastichis
952 1445 1017 1500 de
1047 1445 1218 1501 Veteri
1237 1456 1285 1501 et
1318 1445 1467 1498 Novo
1500 1443 1841 1497 Testamento.

454 1538 545 1593 85.
596 1538 829 1606 Angelus
862 1538 933 1591 Μ.
970 1537 1262 1591 Bandinius
1293 1537 1344 1589 in
1377 1537 1623 1604 catalogo
1654 1534 1816 1588 codd.
1858 1549 1990 1589 mss.

387 1627 852 1683 biblioth.>Laur.
908 1626 1148 1681 Florent.
1201 1625 1375 1695 magis
1427 1625 1663 1679 dilucide
1716 1626 1992 1694 magisque

387 1719 641 1775 distinete
668 1734 830 1787 Opera
864 1718 1146 1774 Prndentii
1189 1729 1459 1783 recenset,
1495 1734 1560 1771 ex
1588 1734 1695 1789 quo
1748 1718 1863 1773 btrc
1892 1719 1989 1773 de-

388 1827 603 1883 protno.
636 1812 793 1867 Tom.
830 1813 869 1876 Ι,
902 1813 1006 1866 col.
1038 1812 1143 1866 720
1171 1822 1226 1867 et
1265 1826 1418 1882 seqq.
1464 1812 1604 1866 Plut.
1637 1814 1729 1877 ‘23,
1762 1813 1885 1866 cod.
1922 1814 1991 1868 15

2098 620 2225 672 liber
2253 618 2584 683 Ditrocheus,
2615 620 2704 687 qui
2728 618 3019 670 continetur
3048 617 3101 670 in
3127 615 3312 670 Titulis
3338 616 3709 675 historiarum:

2098 712 2150 764 in
2187 710 2516 764 editiouibus
2545 709 2846 778 appellatur
2890 706 3209 779 Diptychon.
3264 706 3390 775 Pag.
3424 706 3493 760 86
3518 747 3533 770 ,
3576 709 3710 762 liber

2097 802 2401 873 Apotheosis
2428 802 2688 857 adversus
2713 803 2967 863 lttnreses,
2996 801 3079 853 cui
3114 799 3421 868 prtrcedttnt
3447 798 3557 853 duo
3584 816 3709 864 pro—

2098 894 2201 962 logi
2240 912 2254 948 :
2286 894 2340 946 ιο
2367 909 2490 946 cum
2526 893 2701 957 titulo,
2748 892 2933 945 Versus
2962 890 3028 943 de
3059 889 3120 945 S.
3155 888 3440 953 Trinitate;
3470 889 3529 943 2'
3559 888 3710 942 que-

2098 987 2227 1037 ctiva
2270 994 2449 1037 contra
2483 1000 2655 1037 omnes
2691 983 2929 1037 harass.
2980 982 3035 1035 lu
3069 982 3259 1036 codice
3300 982 3441 1033 nulla
3475 982 3711 1049 capitum

2098 1076 2291 1141 divisio
2321 1076 2377 1127 lit
2398 1116 2412 1138 ,
2444 1077 2537 1128 «ed
2569 1084 2774 1128 tantum
2802 1074 2866 1127 ad
2902 1086 3056 1141 caput
3091 1074 3234 1140 quod
3280 1074 3331 1125 in
3361 1073 3600 1125 editione
3633 1073 3714 1127 in-

2096 1168 2355 1222 scribitur
2386 1183 2399 1219 :
2436 1167 2693 1219 Adversus
2728 1166 3204 1232 Phantasmaticos,
3240 1166 3327 1219 liic
3358 1165 3542 1219 titulus
3575 1165 3711 1231 legi-

2100 1270 2185 1315 tur
2218 1278 2232 1313 :
2262 1260 2488 1327 Explicit
2514 1261 2819 1328 Apotheosis
2844 1269 3023 1311 contra
3050 1276 3223 1312 omnes
3246 1261 3482 1312 hwreses.
3523 1258 3711 1326 Incipit

2098 1362 2280 1407 contra
2304 1354 2644 1407 Manichazos.
2676 1353 2803 1420 Pag.
2840 1354 2979 1408 £06:
3016 1354 3272 1406 Adrersus
3299 1354 3712 1414 blasphemantes

2096 1448 2228 1498 duos
2258 1448 2381 1499 deos
2401 1462 2529 1512 esse,
2556 1462 2649 1499 seu
2677 1447 2877 1515 potius,
2910 1454 2966 1498 ut
2992 1446 3304 1499 inscribitur
3330 1447 3381 1497 iti
3408 1446 3565 1507 cdit.,
3600 1444 3709 1497 Ila-

2098 1541 2400 1610 martigenia
2431 1554 2555 1593 cum
2590 1540 2831 1608 prologo,
2860 1539 2946 1592 cui
2976 1540 3163 1593 titulus
3198 1556 3210 1590 :
3240 1536 3499 1608 Prologus
3521 1538 3710 1590 adver-

2096 1649 2183 1685 sus
2217 1630 2577 1686 Marcionitas.

2167 1726 2274 1795 72
2315 1726 2402 1779 88.
2451 1722 2577 1792 Pag.
2609 1722 2731 1779 ιει.
2763 1722 2818 1777 1η
2850 1722 3238 1795 Symmachum
3271 1721 3395 1777 lihrl
3426 1723 3553 1788 duo,
3584 1740 3707 1779 cum

2099 1818 2323 1884 prologo
2377 1816 2429 1867 in
2481 1816 2747 1883 singulos.
2799 1813 3013 1867 Relatio
3063 1813 3375 1883 Symmachi
3425 1816 3476 1869 in
3522 1817 3709 1870 codice

387 1906 775 1969 membranae,
808 1903 991 1958 in-lol.
1024 1905 1211 1958 saiculi
1246 1919 1333 1969 xv,
1380 1903 1715 1959 nitidissitnis
1744 1919 1863 1957 cum
1895 1904 1994 1957 ini-
2024 1909 2073 1970 Β
2099 1906 2319 1961 affertur
2342 1907 2513 1960 divisa
2544 1907 2594 1959 in
2626 1907 2820 1973 capita,
2852 1920 2945 1958 seu
2977 1907 3244 1959 sectiottes
3277 1906 3396 1959 libri
3428 1922 3483 1959 ti.
3517 1910 3569 1959 ln
3606 1909 3710 1961 line

388 1997 607 2051 tialibus
639 1996 897 2050 libroruin
925 1996 1118 2049 litteris
1146 1996 1349 2060 aureis,
1385 1996 1438 2050 iti
1464 2010 1571 2065 quo
1592 1996 1852 2064 plurimas
1884 2012 1990 2050 non

381 2088 513 2141 levis
541 2087 799 2141 momenti
826 2086 1084 2141 lectiones
1111 2087 1419 2141 observavit
1450 2087 1761 2155 Bandinius,
1788 2088 1856 2139 ab
1879 2088 1993 2141 edi-

380 2179 620 2233 tionibus
644 2179 747 2232 illis
768 2194 901 2246 quas
924 2193 1032 2247 pra:
1057 2178 1305 2233 manibus
1328 2178 1513 2232 habuit
1537 2180 1827 2233 variantes.
1844 2180 1995 2234 Titu-

380 2272 461 2325 lus
490 2282 575 2327 est
609 2288 623 2324 :
653 2270 925 2325 Prudentii
953 2269 1231 2326 Christiani
1259 2273 1516 2328 carmina.
1560 2272 1876 2327 Addendum
1909 2284 1993 2328 est

380 2372 563 2418 tamen
591 2380 605 2417 :
639 2362 699 2417 C.
754 2363 930 2431 Vectii,
963 2362 1205 2431 Iuvenci,
1238 2363 1422 2419 Proba
1448 2364 1747 2433 Falconite,
1785 2367 1993 2423 Sedulii

377 2464 423 2506 et
455 2454 693 2507 Aratoris
723 2455 956 2508 carmina
981 2454 1077 2526 (a).

450 2546 559 2617 71
600 2547 692 2600 86.
733 2546 792 2600 In
840 2548 945 2601 boc
982 2547 1168 2602 codice
1204 2554 1325 2615 post
1380 2547 1439 2601 S.
1475 2546 1696 2616 Agnetis
1728 2547 1987 2617 hymnum

374 2652 745 2694 annectuntur
766 2654 953 2694 versus
980 2638 1371 2707 Constantium,
1399 2641 1736 2695 Cou~tantini
1767 2641 1907 2705 tilim,
1939 2642 1991 2695 in

375 2730 646 2786 honorem
676 2731 735 2788 S.
771 2732 1014 2803 Agnetis,
1040 2743 1094 2788 et
1125 2748 1314 2788 vetsus
1346 2734 1403 2790 S.
1436 2735 1645 2789 Damasi
1674 2736 1743 2787 de
1772 2736 1986 2802 eadem,

373 2828 461 2894 qui
496 2826 765 2897 incipiunt
794 2827 846 2882 in
875 2842 998 2893 ms.,
1056 2825 1225 2881 Fama
1254 2833 1410 2899 refert
1446 2842 1650 2883 sanctos
1679 2831 1875 2883 dudum
1912 2848 1995 2883 rr-

370 2919 513 2985 gulis
545 2928 867 2990 reparantes.
898 2920 1124 2975 Exstant
1154 2922 1365 2989 utrique
1398 2922 1449 2975 in
1479 2923 1611 2977 edit.
1646 2922 1815 2977 Paris.
1854 2923 1989 2977 Bibl.

369 3009 475 3065 SS.
512 3011 621 3065 PP.
652 3027 739 3068 an.
794 3010 932 3067 1646
961 3052 978 3077 ,
1027 3012 1119 3067 ubi
1164 3027 1352 3067 versus
1393 3014 1451 3069 S.
1487 3013 1700 3068 Damasi
1734 3015 1942 3083 primus
1976 3034 1988 3069 :

369 3101 551 3157 Fama
587 3110 745 3175 refert
777 3114 979 3159 sanctos
1017 3106 1215 3159 dudum
1244 3108 1477 3177 genuisse
1505 3120 1758 3177 parentes.
1795 3108 1849 3161 ltt
1878 3110 1993 3163 edi-

369 3196 526 3251 tione
557 3196 939 3252 desiderantur
969 3198 1078 3253 duo
1112 3213 1297 3253 versus
1326 3196 1694 3254 Constantina:
1726 3216 1739 3252 :

432 3308 638 3375 Nomen
666 3310 1100 3375 adliucrelerens,
1126 3320 1177 3360 et
1199 3324 1396 3375 corpus,
1423 3320 1475 3361 et
1497 3314 1658 3362 omnia
1679 3314 1923 3373 membra,

432 3374 475 3420 A
502 3375 685 3421 mortis
709 3373 933 3422 tenebris
958 3382 1011 3424 et
1032 3373 1159 3422 raéca
1183 3382 1330 3423 nocte
1354 3374 1534 3434 levata,

361 3476 456 3544 qui
492 3478 752 3545 leguntur
790 3478 845 3531 in
880 3478 1067 3533 codice
1097 3490 1219 3546 post
1250 3494 1500 3543 versum,
1542 3476 1796 3533 Invictum
1826 3481 1990 3547 solus,

360 3578 473 3622 etc.
515 3568 762 3637 (coriige
792 3566 1021 3622 Invictus
1047 3568 1219 3638 melo).
1263 3570 1559 3637 Utrumque
1592 3570 1690 3625 hoc
1720 3574 1990 3641 ep‘gram-

358 3671 448 3711 tua
503 3658 563 3712 in
615 3658 854 3713 editione
901 3659 1112 3713 Weitzii
1153 3671 1330 3714 exstat
1380 3663 1519 3717 inter
1564 3664 1773 3731 glossas
1821 3663 1993 3719 Isonis

357 3741 619 3817 n’lagistri
646 3762 712 3803 ex
742 3749 931 3804 codice
959 3748 1136 3804 Caroli
1170 3750 1461 3817 Widmani,
1490 3768 1597 3821 quo
1626 3753 1748 3807 loco
1776 3768 1804 3805 a
1832 3752 1991 3807 nobis

355 3842 718 3897 ex~cribetur
745 3856 865 3895 cum
904 3841 1163 3898 varietate
1191 3843 1481 3899 lectionum
1513 3860 1578 3899 ex
1610 3845 1797 3900 codice
1825 3846 1991 3902 colle-

350 3931 425 4000 gii
473 3932 720 3987 Romani
746 3974 761 3997 ,
803 3934 871 3988 de
915 3948 1023 4001 quo
1070 3950 1219 3989 num.
1254 3936 1321 3991 76
1352 3935 1491 3992 dixi.
1542 3936 1857 4006 Quanquam
1892 3938 1991 3993 has

350 4024 613 4095 aliasque
664 4036 874 4081 Veteres
902 4025 1235 4083 Christianas
1276 4029 1653 4097 inscriptiones
1690 4030 1898 4099 judicio
1934 4041 1990 4086 ct

345 4117 614 4172 doctrina
641 4158 660 4184 ,
691 4134 792 4183 qua
825 4119 1078 4187 praeditus
1115 4127 1230 4186 est,
1258 4120 1550 4191 singulari,
1591 4123 1732 4192 typis
1766 4124 1986 4191 vulgare

348 4224 375 4259 a
425 4225 492 4264 se
548 4209 857 4263 illustratus
903 4210 1013 4279 jam
1062 4211 1264 4265 dudum
1316 4224 1539 4281 apparat
1584 4214 1657 4268 cl.
1697 4211 1986 4282 Cajetanus

344 4302 671 4367 Marittius,
710 4301 993 4370 praefectus
1036 4303 1302 4358 tabulario
1348 4305 1506 4369 Vat.,
1538 4306 1626 4375 qui
1674 4307 1733 4362 S.
1770 4308 1982 4363 Damasi

340 4396 605 4447 carmina
659 4397 799 4449 inter
841 4410 933 4450 eas
975 4396 1352 4465 inscriptiones
1396 4398 1681 4453 collocabit
1706 4440 1722 4463 ,
1754 4416 1983 4468 quorum

342 4488 625 4558 pleraque
657 4488 710 4540 in
737 4504 856 4542 eum
890 4504 1043 4543 usum
1088 4491 1221 4545 facta
1258 4500 1316 4547 et
1361 4492 1599 4547 adhibita
1633 4493 1796 4548 fuisse
1822 4510 1985 4563 expe-

340 4580 546 4635 rientia
593 4591 940 4650 compertum
971 4590 1091 4646 est;
1144 4582 1213 4637 de
1243 4584 1466 4654 reliquis
1496 4592 1709 4653 tempus
1752 4585 1983 4641 fortasse

335 4686 501 4741 teque
534 4680 735 4726 certos
765 4686 861 4725 nos
899 4670 1110 4726 reddet.

409 4833 492 4897 (a)
527 4830 677 4898 Pag.
712 4831 737 4885 i
768 4828 967 4885 codicis
1001 4847 1012 4882 τ
1054 4830 1322 4886 Prudentii
1350 4830 1632 4886 Christiani
1664 4842 1826 4901 poeta:
1854 4849 1972 4885 car-

335 4904 546 4953 minum
586 4902 879 4970 lyricorum
909 4901 1054 4954 liber.
1102 4900 1332 4957 Carmen
1370 4905 1390 4956 l
1441 4921 1452 4955 :
1504 4903 1601 4957 Per
1632 4904 1976 4969 quinquennia

335 4978 446 5047 iam
478 4976 705 5047 iterem,
758 4987 877 5047 quae
904 4982 1005 5047 est
1026 4973 1333 5047 _pr:_elat_io.
1375 4983 1453 5047 ut!
1484 4974 1554 5047 in,
1585 4975 1822 5047 editione
1851 4992 1972 5028 cunt
2012 5022 2017 5025 λ

338 5042 485 5093 potis
517 5044 915 5113 Ultristopbori
948 5042 1162 5096 Cellarii
1214 5045 1361 5098 llalte
1407 5045 1831 5113 Magdeburgmm
1882 5063 1971 5099 an.

339 5114 520 5184 l'itt5,
550 5114 702 5165 iii—8.
733 5112 787 5184 lu
835 5112 1075 5181 margine
1102 5116 1300 5168 eodtcis
1348 5112 1511 5168 tuetri
1550 5132 1719 5184 genus
1764 5118 1976 5171 rubrica

335 5183 720 5238 describitur.
758 5182 882 5245 Pag.
912 5185 983 5237 25
1013 5194 1067 5236 et
1097 5199 1248 5251 seqq.
1283 5187 1373 5239 alii
1424 5182 1603 5254 bymiti
1634 5188 1751 5240 sine
1796 5188 1971 5251 titulo,

335 5258 426 5317 qui
460 5257 537 5308 ab
574 5256 785 5306 titirutn
821 5255 1250 5316 l’cristcpltanwn
1284 5258 1577 5323 pertinent.
1613 5258 1714 5311 hoc
1744 5258 1975 5313 ordine:

342 5327 569 5380 i’rzmns
593 5330 731 5377 sine
757 5324 928 5391 titulo,
950 5326 1037 5393 qui
1056 5327 1105 5377 in
1125 5327 1313 5379 eadem
1330 5326 1563 5381 editione
1588 5330 1844 5382 cstetinm
1873 5332 1975 5391 pri-

340 5414 461 5451 inus
486 5406 549 5451 et
582 5395 957 5465 inscribitur:
988 5395 1169 5448 Passio
1196 5397 1405 5451 Emetrit
1428 5397 1679 5465 (corr‘ge.
1714 5398 1978 5464 Emeterii,

337 5479 424 5517 aut
468 5465 797 5535 Henzeterii)
827 5475 874 5517 et
895 5464 1205 5518 Chelidonii.
1224 5468 1526 5528 Secundus,
1553 5464 1639 5535 qui
1668 5470 1718 5521 in
1742 5470 1979 5524 editione

340 5547 423 5590 est
454 5540 730 5605 quintus,
766 5533 946 5588 Passio
970 5536 1028 5590 S.
1074 5536 1321 5589 Vincentii
1358 5533 1619 5608 martyris.
1646 5538 1861 5593 Tertius
1892 5543 1979 5597 oui

340 5608 394 5660 in
418 5610 690 5663 editione
710 5618 794 5680 est
817 5609 1053 5680 secutth
1074 5625 1105 5669 ι,
1139 5608 1321 5660 Passio
1343 5610 1404 5663 S.
1431 5609 1694 5680 Laurentii
1720 5613 1981 5680 nutrtyris.

340 5682 615 5743 Quartus,
648 5678 751 5744 qui
779 5677 827 5729 itt
846 5676 1079 5731 editione
1100 5688 1182 5732 est
1204 5680 1539 5742 undet-imus,
1562 5678 1744 5732 Passio
1763 5681 1822 5733 8.
1854 5676 1989 5747 Hip-

342 5748 854 5819 polytipresbgteri.
872 5747 1119 5813 Quintus,
1134 5749 1221 5814 qui
1238 5750 1288 5801 in
1303 5750 1624 5804 editioneest
1642 5753 1985 5817 tredecimus,

347 5817 543 5874 l’alsio
593 5821 664 5874 S.
704 5817 953 5886 Cypriani
974 5823 1243 5887 martyris.
1280 5821 1475 5874 Sextus
1522 5823 1609 5887 qui
1661 5822 1712 5874 in
1752 5823 1988 5875 etlitit-ito

343 5899 430 5947 est
472 5889 859 5948 duudccirnus
890 5929 904 5955 ,
959 5886 1143 5943 Passio
1194 5890 1301 5946 SS.
1345 5886 1699 5960 apostolorum
1756 5890 1896 5946 Petri
1942 5909 1988 5947 ct

2102 2001 2296 2067 legitur
2330 2002 2443 2053 hac
2483 1998 2806 2065 subscriptio
2838 1996 3015 2051 rubris
3046 1996 3238 2049 litteris
3272 2013 3285 2049 :
3325 1997 3549 2063 Explicit
3581 1997 3711 2051 liber

2098 2092 2354 2144 secundus
2391 2102 2570 2143 contra
2603 2090 2976 2159 Symmachum
3006 2089 3068 2140 de
3101 2090 3417 2141 restituenda
3444 2105 3555 2142 ara.
3603 2088 3711 2143 Dro

2098 2198 2297 2247 semper
2364 2183 2577 2249 gratius.
2661 2180 2929 2250 Scriptum
3002 2178 3282 2233 Florentia
3335 2198 3474 2233 anno
3528 2183 3711 2235 salutis

2100 2289 2477 2327 uccccrxutx
2506 2315 2520 2335 ,
2564 2283 2607 2325 et
2654 2274 2736 2326 die
2776 2288 2902 2326 ιχιν
2947 2272 3133 2325 mensis
3177 2270 3504 2327 Novembris.
3552 2272 3708 2337 Laus,

2098 2366 2288 2427 honor,
2320 2367 2593 2431 imperium
2615 2375 2661 2418 et
2684 2365 2850 2434 gloria
2874 2366 2937 2416 sit
2960 2365 3296 2429 omnipotenti
3322 2364 3445 2418 Jesu
3481 2364 3707 2431 Christo,

2097 2462 2310 2527 ejusque
2346 2460 2498 2510 alma:
2525 2459 2761 2526 genitrici
2789 2472 2987 2526 semper
3015 2458 3197 2525 virgini
3236 2455 3425 2510 Mitritz
3450 2474 3539 2520 per
3583 2461 3708 2527 inﬁ-

2099 2550 2206 2601 nita
2232 2547 2539 2602 swculorum
2568 2550 2777 2602 saecula.
2811 2549 3060 2601 Omnium
3089 2564 3259 2601 rerum
3285 2550 3583 2603 vicissitudo
3615 2562 3710 2606 est.

2100 2641 2395 2697 Bandinius
2418 2658 2515 2712 pro
2541 2653 2693 2697 certo
2725 2642 2888 2696 habet
2916 2642 3058 2695 hunc
3084 2639 3327 2694 codicem
3359 2656 3423 2695 ex
3456 2644 3710 2697 vetustis-

2098 2740 2237 2791 simo
2269 2737 2451 2805 aliquo
2488 2745 2544 2790 et
2586 2735 2795 2803 Optimo
2827 2737 3122 2802 exemplari
3156 2735 3321 2790 fuisse
3357 2736 3709 2801 desciiptutn.

2102 2827 2235 2881 Vide
2264 2838 2442 2881 notum
2476 2828 2525 2891 b,
2560 2844 2680 2899 pag.
2711 2827 2804 2893 66,
2837 2845 2984 2883 nttm.
3021 2830 3087 2883 79
3112 2830 3249 2901 (Col.
3280 2830 3408 2895 62'),
3439 2844 3495 2883 η.
3527 2826 3604 2896 li).

2171 2920 2261 2974 s9.
2306 2920 2477 2973 Tomo
2511 2921 2549 2973 ll
2580 2920 2823 2989 ejusdem
2858 2924 3117 2991 catalogi,
3144 2922 3398 2977 columna
3435 2920 3557 2984 l66,
3592 2920 3711 2974 l‘lu~

2101 3020 2188 3066 leo
2220 3027 2381 3065 xxxiv
2432 3012 2603 3066 codex
2639 3012 2678 3064 L
2707 3012 2847 3066 Petri
2882 3012 3071 3068 Criniti
3109 3031 3269 3068 manu
3309 3015 3402 3068 sed
3431 3014 3715 3069 celerrima

2099 3104 2425 3174 descriptus.
2458 3105 2544 3160 tibi
2572 3120 2693 3175 pag.
2717 3106 2789 3160 ‘26
2812 3110 3054 3175 sequitur
3083 3108 3183 3161 alia
3216 3124 3374 3161 manu
3404 3127 3418 3160 ;
3450 3106 3527 3162 Μ.
3555 3109 3717 3160 Aure-

2099 3196 2159 3249 lii
2202 3195 2477 3250 Prudentii
2523 3197 2799 3251 Clementis
2843 3196 3283 3265 Cathemerinon,
3332 3200 3541 3255 scilicet
3579 3215 3715 3267 prm-

2017 3285 2065 3347 C
2101 3287 2231 3342 latio
2254 3291 2435 3357 Operis
2452 3330 2467 3353 ,
2491 3299 2548 3343 et
2569 3303 2661 3342 sex
2688 3297 2977 3357 sequentes
3001 3290 3185 3358 hymni
3211 3306 3381 3358 usque
3403 3292 3467 3344 ad
3494 3306 3713 3344 versum

2105 3381 2393 3451 Variusque
2434 3398 2523 3447 per
2559 3382 2787 3451 ﬁguras,
2826 3382 2915 3449 qui
2961 3391 3044 3436 est
3072 3398 3216 3436 Vcrs.
3256 3383 3317 3437 5|
3357 3384 3540 3453 ltytnui
3576 3384 3715 3439 Ante

2095 3488 2367 3529 somnum.
2418 3474 2713 3527 Bandinitts
2760 3473 2814 3527 in
2869 3474 2981 3530 ind.
3025 3475 3188 3529 catal.
3224 3486 3434 3544 poetam
3469 3488 3714 3531 nostrum

2100 3576 2258 3620 vocat
2291 3567 2369 3623 Μ.
2409 3568 2676 3620 Aurelium
2720 3565 3067 3620 Prudentium
3099 3566 3442 3632 Clementem,
3486 3568 3715 3624 fortasse

2095 3664 2420 3717 auctoritate
2466 3661 2624 3730 hujus
2653 3662 2856 3716 codicis
2902 3673 3208 3731 permotus,
3252 3676 3308 3720 et
3348 3668 3468 3735 quia
3504 3682 3714 3735 pramo-

2094 3769 2219 3809 men
2263 3753 2479 3806 Marcus
2520 3755 2654 3807 satis
2685 3769 2973 3809 commune
3006 3765 3120 3809 erat
3152 3754 3204 3809 iit
3239 3755 3437 3810 l’antilza
3467 3758 3713 3811 Aurelio.

2093 3862 2233 3902 rum.
2253 3846 2387 3900 Vide
2406 3862 2556 3899 num.
2586 3844 2675 3900 41.
2707 3846 2843 3900 Ibid.
2868 3848 2974 3899 col.
2994 3847 3121 3911 7η,
3146 3846 3334 3901 Plttteo
3353 3863 3437 3903 xei
3460 3848 3709 3904 ltiblioth.

2092 3940 2383 3995 Caddiana:
2408 3938 2531 3993 cod.
2556 3954 2630 3992 tv.
2661 3938 3032 3993 Enchiridiutn
3056 3938 3189 3993 Novi
3213 3950 3267 3994 et
3287 3938 3501 3994 Veteris
3525 3941 3711 3996 Testa-

2090 4032 2255 4086 menti
2279 4030 2724 4101 anepigrapbum,
2744 4039 2801 4083 ut
2824 4031 2875 4083 in
2899 4028 3035 4084 Bibl.
3062 4030 3160 4085 SS.
3188 4030 3317 4091 PP..
3346 4031 3518 4084 Paris.
3545 4031 3707 4087 16H.

2090 4122 2273 4177 Codex
2300 4122 2539 4176 chartae.
2571 4120 2887 4184 mendosus,
2920 4120 3101 4174 saeculi
3133 4136 3221 4176 xv.
3255 4122 3415 4185 lbid.,
3450 4124 3570 4177 sine
3590 4114 3702 4179 ulla

2092 4215 2248 4267 titulo
2299 4211 2753 4282 Psychomacltia,
2806 4218 2865 4264 ut
2904 4210 2956 4265 in
3000 4211 3192 4266 eadem
3245 4213 3494 4267 bibliotlt.
3528 4213 3633 4268 PP.

2161 4304 2251 4361 90.
2295 4303 2351 4358 ln
2401 4302 2648 4370 catalogo
2697 4302 2855 4357 codd.
2896 4318 3029 4359 mss.
3071 4303 3319 4359 bibliotlt.
3371 4304 3708 4362 Ricardianre

2091 4397 2329 4452 Florent.
2382 4397 2434 4450 id
2484 4406 2687 4450 tantunt
2734 4398 2966 4465 reperio.
3010 4398 3137 4466 Pag.
3182 4398 3327 4454 530:
3363 4397 3699 4466 Prudentius,

2086 4492 2458 4560 epigrammata
2483 4502 2654 4541 sacra.
2694 4486 2761 4540 M.
2786 4502 2857 4549 tv,
2886 4487 3055 4541 codex
3077 4489 3342 4554 cbartac.,
3374 4489 3512 4549 ιιι-4,
3545 4506 3697 4544 ιιιιιιι.

2087 4601 2154 4638 xx
2178 4592 2234 4637 et
2255 4597 2403 4636 num.
2437 4597 2627 4635 xxxttt.
2653 4581 2721 4635 Μ.
2742 4596 2798 4647 ιι,
2822 4582 2996 4635 codex
3018 4582 3357 4647 cltartacetts,
3387 4584 3521 4648 iit-4,
3548 4602 3697 4638 tillttt.

2007 4666 2053 4724 Ι)
2082 4691 2195 4731 xttt.
2244 4678 2447 4728 Auctor
2498 4672 2654 4740 hujus
2705 4672 2897 4726 indicis
2934 4687 3028 4727 seu
3070 4676 3299 4743 catalogi
3340 4684 3424 4729 est
3461 4676 3703 4733 Joannes

2083 4831 2259 4885 Pauli.
2289 4833 2582 4897 Septimus,
2617 4832 2705 4899 qui
2732 4831 2783 4883 in
2816 4832 3055 4887 editione
3084 4842 3167 4886 est
3212 4843 3457 4900 quartus.
3513 4833 3701 4891 Passio

2083 4904 2191 4957 SS.
2218 4904 2494 4957 octodecim
2513 4916 2793 4971 martyrum
2809 4903 3411 4974 Caesaraugustanorum.
3437 4907 3694 4972 Octavus,

2082 4978 2169 5042 qtti
2206 4975 2255 5025 in
2296 4974 2381 5027 edi
2414 4976 2535 5046 ioue
2562 4984 2644 5027 ist
2672 4972 3163 5046 quartusdecunus,
3199 4972 3384 5027 Passio
3419 4980 3477 5029 8.
3526 4975 3697 5046 Virgi-

2084 5047 2161 5097 nis
2194 5046 2415 5109 Aqnetis.
2446 5044 2650 5105 Nonus,
2683 5044 2774 5112 qui
2809 5050 2859 5097 in
2888 5046 3126 5098 editione
3153 5055 3237 5100 est
3268 5047 3476 5105 tertius.
3509 5044 3696 5101 Passio

2085 5118 2145 5168 S.
2181 5116 2398 5167 Ιῗριίυηιε
2428 5117 2659 5183 virginis,
2688 5127 2734 5168 et
2761 5119 3021 5183 martyris.
3058 5115 3326 5175 Decimus.
3359 5118 3447 5185 qui
3497 5120 3544 5169 in
3582 5123 3693 5172 edin

2086 5188 2231 5238 tione
2263 5198 2343 5237 est
2392 5199 2597 5244 aletlS,
2645 5186 2825 5238 Passio
2867 5186 2927 5241 S.
2983 5186 3262 5240 Fructuosi
3292 5188 3693 5243 Tarraconens‘s

2088 5258 2334 5323 episcopi,
2361 5272 2403 5307 με
2440 5297 2447 5307 .
2480 5260 2690 5307 ναῖκι-μηδ
2745 5256 3091 5315 l’ttdccimus,
3123 5262 3209 5326 qui
3247 5262 3295 5309 iit
3342 5261 3579 5313 editione
3612 5272 3693 5314 (χι

2086 5340 2381 5395 septimus,
2415 5327 2653 5396 Hymnus
2677 5330 2727 5380 in
2772 5330 3016 5381 honorem
3061 5328 3122 5383 S.
3173 5329 3379 5393 Quirini
3428 5333 3689 5399 martyris.

2090 5399 2467 5457 Duodecimus,
2505 5399 2595 5465 qui
2650 5402 2699 5451 iit
2734 5401 2971 5453 editione
3012 5410 3096 5452 est
3144 5416 3338 5463 nonus,
3392 5400 3577 5453 Passio
3630 5404 3688 5453 S.

2090 5466 2321 5522 Cassiani
2350 5474 2608 5537 martyris.
2637 5471 3007 5533 Trc-tet-itttus,
3033 5472 3121 5537 qui
3150 5472 3201 5522 in
3234 5472 3471 5526 editione
3493 5482 3575 5523 est
3600 5490 3695 5521 tw-

2090 5550 2264 5597 tavns,
2299 5538 2484 5591 Versus
2516 5542 2565 5591 in
2596 5541 2800 5592 laudem
2825 5541 3107 5606 baptisterii
3152 5543 3377 5593 duorum
3409 5553 3693 5611 martyrum

2091 5613 2339 5679 sanguine
2383 5611 2647 5681 illustrati.
2692 5612 3167 5674 Quartusdccimus
3194 5652 3206 5672 ,
3238 5615 3325 5681 qui
3375 5614 3427 5665 in
3459 5613 3694 5665 editione

2094 5695 2175 5735 est
2206 5682 2465 5738 decimus,
2500 5680 2683 5733 Passio
2716 5681 2775 5735 S.
2815 5682 3063 5751 Romani
3079 5686 3335 5751 martyris.
3369 5684 3695 5749 Quintttstle-

2093 5754 2265 5802 cintus
2295 5761 2375 5803 est
2400 5768 2616 5805 carmen
2644 5768 2726 5805 cut
2757 5754 2941 5806 titulus
2989 5770 3001 5805 :
3039 5750 3280 5805 Immolet
3313 5754 3561 5817 Opuscula
3604 5771 3697 5807 suit

2098 5822 2205 5873 Deo
2242 5820 2570 5886 Prudentius,
2604 5832 2659 5875 et
2689 5824 2896 5891 incipit,
2942 5822 3090 5886 Pius,
3126 5825 3316 5891 ﬁdelis,
3350 5831 3611 5881 innocens.
3641 5826 3696 5879 In

2094 5893 2329 5947 editione
2364 5894 2476 5947 lucc
2503 5904 2585 5949 est
2616 5894 2858 5964 praelatio
2891 5895 3011 5949 libri
3048 5896 3495 5965 l’cttstt-pltattutt.
