4322 6420
665 423 771 476 655i

2051 399 2183 466 PllU
2192 408 2502 468 DEN'I‘IUS.

3813 408 3913 468 6H)

725 539 847 593 {00.
891 538 1137 592 lluinsius
1159 537 1393 592 excussit
1420 533 1694 601 exemplar
1719 531 2060 585 Bcdlciarnrrn
2085 527 2229 583 Oxo-
2254 529 2307 584 A
2331 525 2553 582 Joannis
2616 524 2863 584 Sicltardi
2914 523 3134 580 scholiis
3187 523 3506 581 illustratam
3533 561 3549 588 ,
3599 521 3905 575 mendosam

654 629 757 683 ni;e
785 629 839 683 in
871 629 1138 683 tiritannia
1185 636 1522 683 ante-annos
1572 623 1690 691 plus
1733 622 1909 679 minus
1954 627 2235 675 sexcentos

653 720 820 787 (nunc
847 714 1232 790 septingentos)
1261 717 1584 784 descriptum
1613 713 1713 784 (a).
1748 712 2066 768 'Bernardus
2104 711 2236 766 Rat-

655 809 1011 878 tendorplrius
1035 826 1128 864 seu
1158 807 1554 862 Rottendorllus
1585 805 1800 860 Heinsio
1837 805 2030 858 obtulit
2054 805 2234 857 omnia

657 900 924 954 l’rudentii
955 901 1007 953 in
1036 898 1361 953 membranis
1383 899 1578 952 stucqu
1612 911 1680 949 ιιι
1718 894 1936 951 circiter
1962 893 2190 948 exaratis
2216 909 2230 946 :

656 988 810 1044 binos
839 995 1093 1057 prmterea
1124 989 1338 1044 codices
1389 988 1500 1054 pari
1539 995 1717 1051 atate,
1761 1002 1985 1056 quorum
2015 985 2148 1038 alter
2171 983 2236 1039 li-

654 1079 780 1132 bros
821 1080 1081 1134 adversus
1121 1079 1496 1150 Symmachum
1523 1117 1538 1141 ,
1579 1077 1717 1131 alter
1762 1076 2233 1147 Psychomachiam

653 1169 1128 1238 complectebatur.
1160 1170 1377 1238 Accepit
1403 1168 1567 1223 etiarn
1595 1183 1624 1221 a
1653 1167 1724 1221 cl.
1759 1168 1872 1221 viro
1895 1166 2078 1220 lsaaco
2101 1165 2235 1223 Vos-

651 1260 736 1313 sio
775 1261 1014 1316 codicem
1058 1260 1442 1326 Nomsiauum,
1499 1275 1596 1313 nec
1644 1266 1908 1314 vetustum
1968 1258 2132 1322 illum,
2179 1267 2236 1314 et

651 1363 843 1414 magna
871 1352 953 1404 sui
1000 1360 1154 1418 parte
1202 1349 1521 1404 mutilatum.
1568 1349 1787 1405 Heinsio
1821 1349 2093 1416 prmcipuo
2139 1349 2234 1403 fuit

652 1444 772 1493 usui
799 1441 1072 1508 exemplar
1099 1440 1455 1495 Puteanorum
1493 1439 1748 1502 fratrum,
1783 1439 1936 1505 longe
1964 1440 2230 1508 antiquis-

654 1529 853 1584 simum
895 1531 1057 1595 illud,
1106 1543 1168 1584 ac
1207 1528 1398 1583 litteris
1432 1528 1690 1583 Romanis
1725 1528 2016 1592 majoribus
2045 1543 2233 1582 exara-

654 1628 765 1674 trrm
785 1619 884 1685 ,,irr
927 1635 1034 1688 quo
1067 1618 1189 1673 libri
1229 1619 1485 1674 adversus
1510 1619 1890 1690 Symmachum
1925 1632 1972 1672 et
2007 1619 2232 1674 Periste-

651 1712 867 1780 plranwu
897 1725 1018 1780 pars
1047 1712 1223 1781 potior
1259 1711 1718 1766 desiderabantur.
1783 1712 1855 1765 De
1895 1727 2002 1781 quo
2045 1712 2232 1768 codice

651 1802 792 1866 vide,
841 1817 988 1856 num.
1037 1803 1130 1865 96,
1176 1801 1431 1870 judicium
1483 1801 1791 1856 Mabilloui-.
1852 1802 2155 1856 Proximum
2198 1817 2228 1856 a

2338 620 2554 686 quidem
2584 619 2751 687 illam,
2772 631 2837 674 ac
2856 618 2992 673 mire
3010 617 3375 688 depravatarn,
3407 615 3504 673 sed
3529 616 3615 672 cui
3643 613 3906 669 Cauchius

2337 709 2384 765 is
2412 711 2552 765 idem
2586 725 2746 765 manu
2771 721 2867 764 sua
2896 707 3141 763 diversas
3167 708 3285 763 libri
3315 707 3507 762 vetusti
3547 705 3822 770 lectiones,
3848 719 3908 758 ac

2337 803 2419 858 sui
2449 802 2731 873 ipsiusmet
2743 799 3086 870 conjecturas
3104 800 3411 869 complures
3433 798 3750 867 ascripserant
3772 794 3905 848 haud

2337 894 2783 960 contemnendas,
2833 909 2933 950 nec
2975 908 3081 949 non
3137 893 3464 950 Basileanam
3505 890 3716 948 llenrici
3769 887 3906 946 Petri

2335 985 2663 1053 editionem,
2710 986 3076 1055 Antuerpiana
3127 982 3481 1053 quadriennio
3533 980 3903 1045 recentiorem,

2334 1078 2432 1132 sed
2487 1094 2640 1148 reque
2684 1076 2894 1133 mendis
2941 1063 3292 1146 inqdiuatam,
3343 1075 3426 1128 cui
3466 1089 3532 1128 ex
3573 1073 3808 1127 Tlruauae
3843 1085 3906 1124 ac

2337 1168 2587 1223 Puteanus
2615 1167 2955 1224 bibliothecae
2977 1168 3304 1221 membranis
3331 1162 3586 1219 Claudius
3619 1161 3908 1217 Salmasius

2334 1259 2658 1326 scripturam
2687 1259 3081 1327 discrepantem
3111 1257 3404 1325 adiecerat.
3454 1253 3723 1310 Percurrit
3750 1253 3904 1306 etiam

2336 1348 2586 1404 Heinsius
2615 1348 2893 1416 exemplar
2917 1347 3347 1416 Egmondanurn,
3369 1345 3524 1414 cujus
3562 1344 3815 1398 lectiones
3843 1357 3905 1394 ex

2335 1439 2472 1494 Jano
2498 1439 2727 1495 Grutero
2759 1438 3020 1493 Weitzius
3059 1454 3166 1492 non
3207 1437 3338 1492 satis
3369 1435 3599 1491 ﬁdi-liter
3628 1448 3906 1501 expresse-

2335 1541 2439 1596 rat,
2463 1543 2520 1586 et
2548 1533 2686 1585 duos
2706 1531 2919 1586 codices
2948 1547 3012 1586 ex
3037 1529 3361 1586 bibliotheca
3396 1529 3694 1583 Divionensi
3727 1526 3909 1594 pra-si-

2333 1622 2416 1678 dis
2442 1622 2665 1677 Joannis
2709 1622 2942 1686 Bolrerii,
2989 1636 3213 1686 quorum
3244 1636 3381 1676 unus
3410 1635 3616 1686 magnae
3663 1627 3778 1674 erat
3821 1634 3910 1670 ve-

2333 1713 2564 1765 tustatis.
2605 1713 2863 1768 Audierat
2902 1712 3151 1767 Heinsius
3204 1711 3317 1781 (sed
3342 1725 3447 1765 non
3475 1710 3625 1772 vidit)
3668 1709 3904 1765 codiceni

2333 1803 2484 1856 mirae
2512 1804 2792 1858 vetustatis
2823 1817 2944 1859 esse
2979 1803 3336 1872 Cantabrigite
3379 1794 3516 1872 apud
3546 1801 3826 1856 Britannos
3854 1801 3905 1853 in

652 1891 894 1947 l’uteano
923 1892 1108 1947 codice
1135 1891 1448 1946 Thuaneum
1479 1893 1752 1960 exemplar
1793 1893 1890 1946 fuit
1921 1893 2156 1960 lleinsio,
2182 1895 2226 1948 si
2258 1885 2307 1944 B
2331 1893 2558 1963 collegio
2583 1889 2644 1950 S.
2671 1893 2970 1949 Benedicti.
3012 1893 3210 1949 Narrat
3236 1894 3434 1958 autem,
3463 1893 3790 1948 Everarduru
3823 1892 3910 1944 El-

648 1981 1010 2049 praestantiam
1035 1990 1090 2035 et
1115 1989 1431 2036 vetustatem
1460 1991 1690 2049 spectes,
1719 1985 1915 2036 sarculo
1939 1998 1988 2038 rx
2016 1983 2229 2038 circiter

648 2069 926 2138 scriptum.
998 2071 1284 2143 llildegtrrii
1336 2072 1573 2143 episcopi
1639 2089 1831 2127 nomen
1889 2076 2225 2143 praeferebat,

648 2159 804 2229 cujus
841 2161 894 2214 in
941 2171 1152 2217 aetatem
1201 2162 1498 2217 accuratius
1549 2165 1822 2226 inquirere
1862 2164 2082 2221 Heinsio
2120 2181 2226 2220 nan

649 2251 892 2305 vacabat.
918 2251 1048 2306 Tres
1078 2252 1409 2321 Hildegarios
1453 2254 1505 2306 in
1535 2254 1702 2308 Gallia
1729 2254 2028 2310 Christiana
2070 2257 2227 2310 Sam-

649 2341 1050 2398 ruarllrauorum
1081 2344 1312 2412 reperio,
1355 2346 1580 2414 primrrm
1629 2346 1944 2416 episcopum
1991 2346 2231 2402 Melden-
2275 2333 2278 2336 ’

648 2447 761 2485 sem
809 2434 1006 2488 stet-uio
1047 2449 1122 2500 rx,
1172 2435 1400 2489 alterum
1444 2435 1883 2492 Lemoviccnsem
1928 2439 2130 2493 szecula
2169 2455 2226 2505 x,

645 2526 858 2580 tertium
893 2526 1328 2580 Bellovacenscm
1379 2529 1673 2581 antistitem
1713 2527 1902 2582 eodem
1947 2531 2146 2584 sarculo
2175 2547 2226 2584 x.

645 2614 752 2669 Sed
778 2631 843 2669 ex
873 2621 988 2670 solo
1018 2616 1304 2685 Hildegarii
1325 2619 1564 2684 episcOpi
1597 2620 1814 2674 nomine
1837 2619 1970 2674 nihil
1996 2622 2128 2674 certi
2159 2621 2228 2677 de

645 2705 768 2772 ejus
796 2715 954 2759 artare
984 2706 1192 2760 deliniri
1227 2717 1420 2773 pote.~t.
1467 2708 1741 2762 Ernericus
1775 2708 2014 2776 Bigotius
2051 2712 2224 2766 eidem

648 2793 872 2848 llcirnio
900 2795 1167 2864 suggessit
1193 2806 1451 2864 excerpta
1485 2797 1920 2868 Psychomaclrize
1959 2814 2025 2854 ex
2058 2816 2226 2854 mem-

644 2883 829 2938 brarris
881 2886 1014 2951 suis,
1071 2884 1515 2953 Cathemerinon,
1564 2895 1619 2944 et
1671 2888 2101 2960 Peristephanwn
2157 2909 2221 2954 ex

648 2973 956 3042 Altinianis,
1005 2980 1059 3030 et
1098 2976 1408 3031 earumdem
1455 2976 1776 3047 hymnorum
1826 2980 2100 3048 complura
2157 2997 2222 3037 ex

601 3070 605 3075 '
644 3061 1029 3119 hit-diulanensi
1077 3066 1369 3135 exemplari
1430 3067 1769 3124 bibliotheca»
1820 3069 2220 3138 Ambrosianac,

644 3155 833 3209 rrrutilo
853 3155 1065 3225 quidem
1097 3157 1207 3223 illo,
1238 3159 1313 3212 ait
1339 3155 1611 3223 Heinsius,
1641 3172 1704 3214 ac
1727 3159 1948 3214 meliore
1968 3162 2050 3215 sui
2073 3172 2224 3229 parte

2333 1988 2721 2043 menhorstium
2773 1998 2827 2044 et
2877 1989 3218 2044 Franciscum
3254 1987 3500 2052 Juretuut
3539 1987 3804 2055 cogitasse
3841 1985 3910 2040 de

2330 2079 2666 2134 emendando
2689 2078 3001 2144 Prudentia,
3024 2080 3176 2148 cujus
3203 2079 3436 2147 quinque
3455 2077 3728 2133 codicibus
3749 2091 3910 2130 mem-

2332 2172 2612 2226 branaceis
2645 2187 2704 2225 se
2731 2187 2886 2226 usum
2931 2181 3156 2228 testatur
3196 2172 3416 2227 Juretus
3444 2169 3508 2224 ad
3544 2167 3910 2223 Paulinianum

2335 2265 2395 2319 Β.
2427 2261 2636 2317 Martini
2667 2261 2862 2326 Vitam,
2910 2267 2966 2318 et
3002 2271 3234 2326 exstare,
3289 2272 3344 2316 ut
3386 2260 3522 2318 fatua
3567 2269 3700 2320 erat,
3751 2273 3907 2312 natas

2331 2357 2512 2412 Oberti
2541 2356 2736 2410 Gifanii
2773 2355 3000 2411 necdum
3030 2356 3167 2426 typis
3201 2354 3499 2420 descriptas
3529 2369 3543 2406 :
3572 2353 3640 2406 de
3670 2367 3774 2419 quo
3808 2368 3908 2414 ego

2334 2449 2516 2502 dubito
2549 2446 2615 2501 ad
2654 2461 2799 2506 vers.
2849 2449 2952 2502 tu
2993 2444 3448 2518 Psycliomachite.
3497 2445 3575 2499 Ad
3617 2444 3906 2498 editionem

2333 2541 2679 2596 Parmensern
2710 2555 2881 2608 nuper
2917 2539 3263 2610 publicatam,
3298 2540 3365 2594 de
3404 2554 3504 2609 qua
3548 2537 3697 2606 plura
3736 2538 3910 2604 capite

2331 2647 2468 2699 seq..
2502 2632 2646 2685 solos
2665 2630 2878 2686 codices
2904 2629 3213 2697 Vaticanus,
3251 2644 3424 2699 neque
3449 2642 3636 2684 omnes
3663 2627 3907 2682 adtribuit

2327 2722 2398 2776 cl.
2428 2721 2644 2776 Tcolius
2669 2720 2765 2790 (tr).

2950 2846 3178 2903 CAPUT
3214 2846 3280 2902 ν.

2398 2965 2663 3021 Editiones
2692 2979 2901 3033 cperunt
2925 2961 3213 3025 Prudentii,
3230 2961 3548 3030 interpretes,
3567 2959 3836 3013 uniones.

2396 3079 2505 3149 79
2535 3077 2658 3133 ibi.
2684 3075 2820 3130 Cum
2869 3083 2948 3130 tot
2987 3073 3250 3129 editiones
3282 3079 3582 3142 poematum
3631 3071 3904 3126 Prudentii

2328 3169 2480 3225 facta:
2507 3168 2729 3230 fuerint,
2753 3175 2885 3238 qtrot
2914 3179 3055 3221 nunc.
3089 3164 3379 3236 proferam,
3412 3163 3538 3234 quid
3567 3177 3741 3216 causa:
3785 3177 3906 3215 esse

645 3253 910 3314 truncato,
945 3247 1102 3317 longe
1123 3246 1410 3302 veterrima
1447 3255 1646 3312 tamen,
1694 3249 1772 3303 sic
1807 3259 1863 3303 ut
1897 3247 2222 3306 characteris
2247 3251 2294 3313 C
2329 3268 2509 3327 putem
2538 3274 2636 3313 cur
2659 3258 2792 3312 adeo
2820 3258 2936 3327 ejus
2964 3270 3125 3327 opera
3155 3257 3263 3310 sint
3309 3269 3449 3319 rara,
3479 3254 3567 3307 vix
3599 3262 3655 3306 nt
3695 3252 3903 3306 Venalia

650 3353 714 3393 ac
745 3339 1046 3396 litterarum
1075 3342 1236 3398 ductu
1265 3341 1560 3398 Puteanum
1587 3341 2014 3397 laudatissimurn
2054 3360 2222 3398 anuu-

643 3431 805 3487 letur.
831 3433 1138 3503 Antaei-pia:
1164 3433 1305 3504 apud
1328 3445 1508 3505 patres
1531 3435 1803 3490 societatis
1832 3435 1970 3521 Jesu\
1987 3439 2221 3491 excussit

643 3525 803 3578 trium
825 3524 1066 3580 codicum
1094 3525 1483 3595 discrepantias
1504 3567 1521 3591 ,
1552 3542 1686 3597 quas
1717 3527 1963 3583 Laevinus
1989 3528 2220 3584 Torren.

643 3612 752 3668 tius
804 3613 1172 3684 Lugdunensis
1219 3615 1471 3670 editionis
1523 3617 1746 3684 margini
1787 3617 2078 3683 alleverat;
2127 3620 2221 3675 sed

643 3721 744 3759 nec
771 3703 1083 3761 Torrentius
1118 3707 1542 3763 lucubrationem
1593 3707 1750 3762 istam
1802 3709 1942 3765 ultra
1991 3711 2220 3780 hymnos

640 3796 1064 3852 Cathemerinon
1085 3806 1140 3853 et
1168 3795 1600 3868 Peristephanmn
1632 3812 1995 3869 prornoverat,
2030 3813 2088 3858 et
2115 3807 2213 3874 ipsi

639 3891 872 3955 codices,
904 3905 1038 3960 quos
1065 3890 1404 3958 adhibuerat,
1444 3907 1552 3947 non
1600 3908 1806 3963 magnae
1848 3896 1922 3950 rei
1967 3898 2220 3954 videban-

641 3989 748 4046 tur,
781 3995 1004 4050 quorum
1044 3981 1247 4050 primus
1274 3980 1332 4036 S.
1365 3981 1662 4048 Laurentii,
1703 3984 1763 4040 S.
1788 3984 1974 4043 Jaeobi
2018 4003 2215 4043 secun-

641 4071 761 4137 dus,
785 4081 1010 4138 uterque
1042 4072 1419 4134 Leodiceuses.
1457 4073 1644 4128 tertius
1694 4077 1938 4134 Abbatite
1993 4083 2102 4151 73
2149 4084 2217 4138 de

640 4160 999 4216 Grmnendale
1023 4175 1145 4216 esse
1181 4177 1212 4216 a
1233 4161 1518 4218 Tonantio
1545 4163 1880 4221 dicebantur.
1940 4168 1983 4223 A
2010 4169 2216 4228 Joanne

642 4251 874 4322 Georgio.
899 4252 1107 4308 Grtevio
1135 4254 1320 4310 habuit
1348 4255 1596 4312 Heinsius
1625 4257 1846 4314 Joannis
1875 4260 2092 4318 Cauchii
2115 4265 2217 4320 ad-

639 4358 817 4404 notata
842 4365 994 4416 mss.,
1011 4358 1121 4405 tum
1141 4352 1558 4422 Antuerpiauam
1577 4356 1700 4408 anni
1729 4355 1868 4411 1536
1889 4356 2207 4430 editionem,

712 4508 795 4578 (a)
825 4508 998 4588 cuius
1018 4511 1224 4588 senium
1253 4508 1367 4588 hac
1397 4511 1687 4588 epigra_plie
1725 4511 1983 4588 prodebat
2012 4514 2216 4588 :Allurrc
2245 4522 2296 4581 Ι)

641 4577 826 4654 librum
858 4582 945 4654 d_at
975 4577 1232 4654 Leofrieus
1260 4577 1523 4654 episcopus
1553 4577 1799 4636 Ecclesia:
1825 4582 1885 4638 S.
1914 4582 2058 4638 Petri
2087 4604 2217 4654 apo—

640 4651 757 4704 stoli
788 4652 837 4701 in
865 4649 1065 4702 Exonia
1089 4649 1157 4701 ad
1181 4649 1524 4722 sedemrtsuam
1553 4655 1892 4718 episcopalem
1934 4670 2026 4722 pro
2055 4649 2215 4710 rente-

640 4723 725 4773 dio
772 4722 957 4773 animo:
1003 4736 1110 4773 sua:
1150 4723 1218 4772 ad
1270 4721 1538 4773 utilitatem
1588 4739 1931 4778 successorum
1979 4742 2209 4781 suorum.

641 4792 834 4862 Siquis
865 4800 1032 4862 autem
1061 4790 1206 4862 illum
1233 4793 1350 4862 inde
1389 4791 1677 4862 abstulerit,
1701 4809 1956 4862 perpetua:
1997 4797 2215 4850 maiedi~

640 4861 792 4912 rtiurti
822 4861 1097 4928 subjaceat,
1129 4861 1238 4930 ﬁat.
1280 4861 1498 4915 Przrfuit
1542 4861 1720 4915 autern
1763 4862 2036 4918 Leofr'icus
2078 4868 2216 4920 Exo-

640 4930 810 4984 nien~i
842 4935 950 4986 sedi
981 4931 1079 4984 sub
1108 4946 1303 4985 annum
1337 4931 1474 4986 1060
1503 4941 1593 4985 aut
1624 4934 1783 4986 1070.

712 5002 788 5068 (b)
814 5001 935 5066 Ejus
958 5002 1428 5067 prudentissimum
1459 5002 1526 5056 de
1558 5001 1638 5056 his
1666 5003 2213 5072 codicibusjudirium

640 5087 743 5123 non
774 5074 1033 5138 ingratum
1064 5072 1164 5123 erit
1197 5073 1382 5126 audire
1412 5089 1475 5124 ex
1501 5088 1620 5140 cap.
1653 5073 1684 5125 4
1719 5073 2069 5140 pra-fationis.
2093 5076 2213 5129 .Ium

641 5157 752 5194 vero
786 5149 924 5201 patet
943 5156 1007 5193 ea:
1027 5140 1126 5200 his,
1153 5143 1213 5193 ab
1236 5143 1376 5195 nullo
1402 5140 1674 5196 Prudentir'
1719 5145 1971 5197 editorum
2003 5145 2214 5198 Vatica-

641 5228 728 5263 rros
757 5213 905 5263 codd.
932 5222 1112 5278 pr-wter
1140 5227 1294 5263 unum
1323 5223 1366 5265 et
1387 5213 1621 5269 alterum.
1661 5215 1757 5266 huc
1789 5224 1900 5276 post
1933 5215 2139 5268 Weitzii
2167 5227 2216 5269 et

644 5280 844 5353 lleirrrii
865 5290 1060 5332 a'tatem
1082 5281 1333 5353 advertas.
1359 5284 1488 5334 visos
1512 5283 1674 5333 adhuc
1696 5286 2007 5338 outcollatos
2032 5288 2210 5353 fuisse.

640 5352 832 5419 Ligno:
860 5363 1025 5402 tamen
1060 5352 1386 5418 dignissimos
1422 5368 1550 5411 esse.
1597 5369 1817 5420 quorum
1861 5357 1991 5408 ratio
2032 5352 2217 5408 Imbua-

640 5429 742 5482 (ω’,
787 5423 904 5488 jure
955 5424 1227 5492 meritoque
1271 5438 1493 5475 asserere
1535 5440 1680 5492 posse
1709 5425 1955 5476 videmur.
2008 5425 2148 5478 Nam
2171 5427 2216 5479 ii

640 5505 902 5562 ritum-rum
929 5491 1184 5552 attendas,
1225 5493 1476 5562 sexdecim
1520 5501 1661 5554 sunt,
1705 5497 1748 5544 si
1783 5495 2131 5562 antiquitatem
2167 5507 2214 5547 et

640 5559 996 5632 sinceri/arent,
1021 5569 1237 5632 quatuor
1258 5563 1331 5613 vel
1351 5561 1575 5630 quinque
1605 5566 1847 5630 exceptis,
1879 5559 1968 5617 aut
1997 5568 2214 5632 sequiori

641 5643 766 5687 (evo,
796 5630 869 5678 rei
893 5645 976 5692 par
992 5630 1317 5697 umditigeuti
1339 5647 1488 5683 manu
1511 5634 1829 5698 conscriptis.
1853 5636 2019 5686 θωμινί
2043 5630 2214 5687 onmes

640 5703 746 5747 lum
771 5706 1170 5775 uetusta-lentum
1204 5701 1467 5775 diligentia
1496 5704 1693 5775 Optima:
1718 5712 1851 5755 nota:
1870 5715 1986 5775 sunt
2017 5707 2212 5774 magni-

640 5780 735 5825 que
763 5769 926 5830 pretii.
959 5769 1206 5832 Quinque
1237 5772 1535 5836 praecipuos
1559 5774 1770 5826 codices
1793 5769 2214 5827 nominatim'rr-

639 5843 854 5900 censet;
889 5837 1306 5895 Aleiandrinuru
1336 5839 1501 5895 Vattc.
1527 5841 1622 5896 59.!
1651 5843 1830 5897 saeculi
1857 5842 2075 5899 forsitan
2099 5861 2210 5913 nu,

2328 3359 2591 3423 prostant,
2618 3358 2675 3405 et
2719 3349 2771 3402 in
2819 3347 3000 3402 multis
3048 3360 3154 3401 non
3208 3344 3526 3414 ignobilibus
3572 3342 3908 3397 bibliothecis

2325 3445 2487 3500 etiam
2519 3440 2841 3497 familiarum
2880 3437 3251 3507 religiosorum
3284 3434 3702 3492 desiderentur?
3731 3433 3784 3487 id
3815 3433 3903 3491 utri

2326 3535 2471 3590 laudi
2501 3543 2673 3604 poetze
2725 3531 2966 3594 verterit,
2996 3544 3100 3583 non
3129 3529 3290 3590 male,
3325 3537 3382 3582 ut
3405 3525 3670 3588 exisrimo,
3698 3523 3907 3594 judica-

2326 3629 2404 3685 bit
2435 3647 2449 3681 :
2481 3642 2604 3681 nam
2635 3635 2690 3679 et
2714 3623 3045 3694 exemplaria
3091 3620 3318 3676 feliciter
3345 3619 3556 3674 vendita
3601 3633 3743 3682 esse,
3775 3633 3902 3672 usu-

2325 3734 2431 3790 que
2472 3718 2622 3787 plura
2654 3724 2991 3783 consumpta,
3018 3721 3073 3767 et
3101 3727 3197 3767 eos
3225 3713 3314 3780 qui
3343 3726 3409 3771 ea
3435 3711 3780 3774 obtinuerint,
3807 3725 3903 3764 cu-

2328 3803 2449 3879 pide
2477 3808 2712 3863 retinere
2738 3807 2862 3861 inde
2901 3805 3188 3873 colligitur.
3216 3803 3416 3859 Ordine
3446 3819 3572 3859 vero
3609 3802 3896 3859 chronolo-

2321 3904 2441 3974 gico
2461 3900 2724 3954 editiones
2754 3899 3068 3953 rt-censebo.

2388 3975 2451 4048 ’1⁸
2475 3993 2630 4047 Anno
2658 3992 2886 4044 incerto.
2905 3988 3083 4044 Editio
3109 3990 3328 4058 antiqua
3349 4002 3568 4057 operum
3601 3985 3897 4048 Prudentii,

2321 4099 2479 4154 quain
2509 4083 2638 4134 vidit
2684 4078 2982 4143 Fabricius,
3010 4081 3079 4134 de
3125 4095 3227 4150 qua
3271 4080 3322 4132 in
3375 4079 3583 4132 Bibliot.
3614 4085 3720 4130 vct.
3753 4076 3895 4142 Lat.,

2322 4181 2439 4233 sine
2466 4175 2591 4230 anni
2618 4174 2788 4228 locive
2819 4181 2940 4226 nota
2983 4171 3100 4226 ἰπὶ-ι
3128 4169 3226 4241 (c).
3255 4171 3380 4225 Haec
3425 4170 3650 4224 fortasse
3687 4169 3896 4223 caeteris

2322 4267 2569 4325 omnibus
2596 4273 2681 4317 est
2709 4264 2994 4331 antiquior.

2391 4360 2456 4415 2°
2487 4362 2642 4412 Anno
2669 4354 2827 4412 M70.
2862 4354 3113 4424 Augustae
3136 4352 3529 4408 Vindelicorum
3563 4350 3743 4406 Finem
3778 4349 3896 4403 Ha-

2326 4515 2409 4570 vel
2439 4524 2584 4568 certe
2613 4510 2906 4580 sequentis,
2950 4516 3006 4580 ut
3046 4515 3230 4573 putat;
3264 4507 3486 4580 codices
3516 4506 3684 4580 Vatic.
3729 4507 3894 4580 5359,

2319 4585 2478 4647 3860.
2505 4575 2748 4650 ejusdem
2773 4581 2891 4649 plus
2927 4579 3102 4650 minus
3133 4578 3334 4650 relatis;
3369 4575 3891 4650 cotlrcCs__V:rt.5§2t,

2315 4658 2406 4726 qui
2434 4645 2474 4709 ad
2495 4645 2980 4726 M'ariettoc'trllatus
3008 4649 3137 4726 fuit;
3171 4659 3225 4702 et
3250 4648 3556 4726 Urbiurrtotu
3577 4645 3742 4726 Vatic.
3764 4647 3888 4726 Q06.

2321 4719 2394 4780 De
2433 4725 2628 4793 quibus
2667 4720 2858 4776 confer
2888 4735 3007 4782 untc
3036 4720 3285 4793 diximus,
3318 4728 3372 4793 et
3412 4720 3735 4772 clraracteris
3781 4719 3894 4769 for-

2317 4790 2462 4851 mani
2486 4803 2714 4862 quatuor
2755 4792 2990 4860 priorum
3036 4791 3278 4862 codicum
3324 4790 3378 4842 in
3410 4803 3630 4862 exaruen
3669 4801 3882 4862 revoca,

2315 4869 2360 4921 si
2395 4857 2863 4935 placetjudicare.
2899 4863 3073 4935 fAtque
3106 4861 3376 4935 advertas,
3427 4860 3605 4935 veluti,
3652 4857 3890 4910 codicem

2321 4929 2438 4992 Vat.
2468 4929 2613 4988 3859'
2637 4948 2739 4986 nou
2771 4931 2950 4983 omnia
2990 4929 3346 4983 Prudentiana
3374 4929 3670 4981 continere.

2389 5008 2462 5076 (ε)
2487 5006 2539 5058 In
2568 5002 3107 5076 cujusliuclegitun:
3143 4999 3338 5076 Aurelii
3358 4998 3628 5076 Clementis
3653 4995 3890 5076 Pruden-

2317 5079 2372 5129 tii
2396 5067 2580 5141 opera,
2602 5067 2828 5143 prudens
2851 5073 3028 5143 lector,
3063 5069 3155 5122 hoc
3185 5070 3384 5143 ordiue_
3385 5068 3627 5143 impressa
3647 5067 3883 5143 inuenies.

2320 5135 2552 5199 Primum
2571 5135 2630 5196 in
2655 5156 2918 5208 utrumque
2943 5139 3316 5193 Testamentum
3342 5135 3675 5190 Tetr‘astic/ta.
3698 5135 3889 5189 Deinde

2315 5235 2449 5281 eum,
2480 5231 2626 5280 quem
2655 5214 2718 5265 de
2743 5210 3018 5264 Divinitate
3045 5209 3225 5281 librum
3245 5208 3442 5281 scripsit
3469 5209 3891 5281 Apotheosimque

2318 5275 2557 5339 titulavit.
2608 5281 3017 5351 Psyrhoruaclria
3080 5275 3764 5351 sequiturfIlamartigenia
3809 5275 3888 5351 liii

2318 5368 2452 5408 recto
2474 5355 2654 5408 ordine
2673 5347 2898 5404 additur.
2929 5348 3343 5414 Peristephanmrt
3364 5348 3617 5409 subditur,
3643 5348 3714 5398 sic
3753 5347 3887 5397 enim

2317 5425 2494 5480 (ἓν-α’ορ
2525 5426 2648 5477 liber
2671 5423 2738 5476 ad
2770 5421 3078 5490 Martyrium
3107 5419 3416 5490 inscribitur.
3437 5417 3744 5469 Diurnormn
3774 5430 3886 5466 vero

2319 5496 2446 5548 libro
2475 5496 2594 5565 (qui
2625 5505 2669 5546 et
2691 5489 3092 5565 Cat/terrrerirrmn
3128 5489 3344 5565 dicitur)
3366 5498 3411 5539 et
3435 5503 3490 5540 eo
3516 5503 3663 5565 quem
3687 5494 3885 5565 tamen

2319 5556 2685 5633 Syrrtniarlrum
2735 5561 3082 5633 idololatrian:
3123 5561 3471 5624 defendentem
3514 5556 3885 5633 scrips'luprrl;

2317 5625 2440 5687 diro
2469 5645 2517 5687 et
2558 5645 2692 5686 recto
2732 5631 2909 5684 ordine
2941 5640 3098 5683 totum
3144 5645 3269 5694 aprts
3316 5640 3710 5680 consummatur.
3736 5625 3886 5690 Quod

2320 5704 2454 5758 liber
2479 5704 2733 5756 adversus
2755 5700 3132 5771 Symmachum
3164 5698 3322 5751 veluti
3355 5697 3573 5771 simplex
3603 5698 3886 5771 profertur,

2318 5789 2440 5827 corn
2482 5775 2586 5825 sint
2633 5773 2757 5829 duo.
2787 5766 2973 5832 credo,
3007 5783 3218 5822 oausam
3267 5782 3406 5828 csse,
3436 5769 3555 5832 quia
3610 5766 3742 5818 liber
3792 5779 3889 5830 pro

2321 5859 2482 5913 apere
2515 5859 2697 5908 unum,
2730 5854 2816 5895 aut
2849 5840 3026 5910 plures
3067 5839 3232 5894 libros
3278 5840 3582 5892 co‘utiucnte
3610 5835 3884 5905 accipitur.
