4322 6472
775 462 877 521 663

2161 451 2615 512 I‘RUDENTIUS.

3952 444 4062 502 6M

838 577 949 646 οε
974 573 1039 629 9°
1079 572 1236 628 Anno
1279 570 1434 628 I502.
1469 569 1663 624 lterum
1703 565 1896 621 Aldum
1943 565 2183 621 edidisse
2215 566 2352 620 [‘ru-
2379 575 2431 633 Α
2457 567 2667 638 ligentia
2703 565 2985 637 perfectae:
3027 572 3077 618 et
3122 563 3447 618 emendatum
3493 577 3585 631 per
3631 559 3967 615 reverendam
4003 558 4061 613 in

773 667 940 720 dentii
979 679 1140 734 opera
1175 661 1522 732 probabiliter
1541 658 1844 725 colligimus
1869 672 1936 710 ex
1966 655 2232 727 Giselino,
2270 655 2360 726 qui

775 756 828 810 in
857 769 1000 810 com.
1033 754 1102 808 ad
1132 767 1274 807 vers.
1303 751 1407 807 379
1447 749 1882 818 Psychomacltia:
1916 748 2100 802 laudat
2141 748 2360 810 Aldum,

774 845 818 897 si
850 859 1068 911 usquam
1087 842 1232 907 alibi,
1263 851 1394 892 certe
1419 840 1474 892 in
1515 840 1670 909 hujus
1697 841 1922 891 auctoris
1949 839 2202 903 editione,
2224 852 2364 907 prat-

776 934 1208 996 sertimsecunda,
1233 932 1706 1001 diligentissimum.
1744 930 1810 984 Et
1840 945 1964 984 cum
2007 930 2365 986 Heittsiua.di-

777 1035 865 1079 cat
912 1040 972 1079 se
1026 1023 1336 1091 frequenter
1379 1022 1720 1076 censuluisse
1784 1021 2042 1075 Aldinutn
2092 1020 2366 1088 exemplar

777 1129 920 1169 anno
950 1099 1126 1171 cintatt
1155 1116 1381 1179 editum,
1421 1129 1643 1169 necesse
1694 1123 1779 1168 est
1815 1123 1872 1168 ut
1921 1128 2055 1168 nova
2103 1112 2271 1166 editio
2297 1127 2366 1167 eo

776 1222 921 1262 anno
961 1207 1124 1261 luo-rit
1160 1206 1229 1260 ab
1258 1207 1394 1259 ΑΙύο
1425 1215 1671 1274 peracta;
1718 1208 1770 1260 in
1819 1221 1921 1274 qua
1965 1205 2204 1272 suspicio
2234 1206 2365 1259 mihi

776 1305 915 1359 erat,
945 1295 1139 1352 Aldum
1187 1296 1482 1352 inseruisse
1527 1312 1620 1352 eas
1667 1298 1946 1360 lectiones,
1985 1311 2119 1365 quas
2155 1311 2222 1350 ex
2268 1311 2365 1371 aa

777 1389 1032 1458 opinione
1059 1388 1304 1443 seorsum
1349 1387 1401 1442 in
1444 1391 1610 1456 prima
1651 1396 1981 1442 correxerat.
2023 1387 2236 1441 Etenim
2275 1387 2366 1442 Gi-

779 1479 987 1533 selinus
1029 1491 1092 1531 ea
1119 1479 1340 1549 protulit
1368 1479 1550 1540 verba,
1595 1489 1652 1530 ut
1687 1486 1918 1541 notaret,
1954 1479 2148 1531 Aidtnn
2193 1479 2245 1531 in
2278 1481 2366 1532 see

783 1568 962 1622 cunde
988 1569 1226 1622 editione
1255 1567 1480 1621 mediam
1517 1565 1672 1635 hujus
1707 1568 1956 1622 vocabuli
1983 1569 2205 1632 idolum,
2231 1581 2364 1635 quo-

782 1661 1095 1729 tiescunque
1123 1658 1271 1713 licuit
1297 1658 1600 1723 commode,
1639 1658 1964 1714 dictionibus
1992 1658 2361 1727 transpositis,

781 1755 1134 1825 produxisse;
1179 1753 1320 1822 quod
1365 1752 1581 1823 quidem
1630 1754 1800 1810 Aldus
1846 1756 1898 1808 in
1939 1754 2364 1809 correctiontbus

781 1849 970 1917 prima:
994 1846 1249 1902 editionis
1293 1845 1490 1901 ellecit.
1523 1845 1631 1901 Sed
1664 1861 1784 1901 cum
1823 1848 2250 1912 observat'criin,
2279 1861 2364 1900 er-

2468 671 2684 727 utroque
2692 662 2818 729 jure
2841 659 3099 710 doctorem
3130 653 3396 707 dominum
3433 654 3754 722 Alpboiisum
3779 652 3946 712 Ortis,
3973 664 4064 702 co-

2469 751 2717 802 nonicuns
2732 747 3054 803 Toletanum.
3077 743 3238 798 Iussu
3260 743 3666 798 reverendissimi
3689 744 3739 794 in
3757 740 3961 795 Christo
3975 755 4062 808 pa-

2473 845 2569 894 tris
2597 843 2790 894 domini
2810 841 2864 894 Δ.
2897 836 3171 891 Francisci
3191 836 3461 899 Xinienes,
3489 837 3717 904 eiusdem
3737 834 3953 886 civitatis
3976 847 4057 884 ar-

2470 931 2802 1000 chiepiscopi.
2818 928 3057 982 luemus
3067 927 3250 982 nobilis
3269 923 3770 978 MelcltiorisGoricii
3789 921 4062 976 Novaria-
4101 931 4108 938 ‘

2467 1023 2561 1074 sis.
2581 1023 2691 1092 83
2711 1020 2810 1073 Per
2827 1019 3132 1090 magistrum
3149 1015 3361 1071 Petrum
3382 1015 3714 1085 Hagemburlt
3734 1017 4056 1068 Alcmenam.

2472 1115 2623 1166 Anno
2653 1112 2838 1166 salutis
2854 1119 3045 1164 nostra:
3082 1108 3355 1163 millesimo
3379 1109 3784 1178 quingentesimo
3813 1106 4058 1168 secundo,

2468 1210 2553 1264 die
2573 1225 2689 1262 uero
2717 1208 2949 1261 vicesima
2969 1208 3150 1278 quinta
3176 1207 3365 1260 mensis
3395 1205 3650 1261 Octobris.
3697 1205 4062 1260 Nihilominus

2426 1334 2432 1340 ι
2467 1302 2701 1356 Ortizius
2724 1300 2776 1354 in
2802 1299 3116 1369 pra‘l'atione
3137 1301 3484 1369 impensarum
3511 1297 3780 1355 ἣτιηοίεεὶ
3805 1296 4062 1351 Ximencs

2470 1394 2715 1446 meminit
2765 1408 2778 1442 :
2823 1391 2929 1444 Diu
2970 1391 3290 1458 multumque
3346 1390 3608 1460 recognita
3655 1389 3940 1442 illustrium
3981 1402 4063 1440 me

2467 1483 2753 1536 reddidisse
2783 1493 2885 1536 tute
2922 1480 3206 1552 diligentia:
3247 1489 3293 1533 et
3318 1480 3655 1534 sollicitudini
3686 1481 3856 1533 clerici
3887 1494 3992 1531 ann
4015 1497 4061 1528 ι-

2469 1580 2685 1629 merent.
2730 1576 2894 1625 Antea
2937 1585 3153 1640 namque
3193 1569 3412 1639 confusa
3451 1585 3577 1637 pene
3620 1569 3792 1622 omnia
3826 1569 3880 1622 in
3916 1568 4060 1622 libris

2468 1663 2714 1716 veteribus
2733 1704 2748 1730 ,
2796 1673 2948 1729 atque
2971 1660 3215 1713 hactenus
3243 1659 3503 1728 incognita
3516 1659 3744 1729 jacuisse
3764 1674 3917 1728 penes
3938 1673 4061 1710 eru-

2469 1757 2604 1808 ditos
2627 1757 2796 1822 palam
2832 1762 2929 1807 est.
2970 1749 3127 1804 Nunc
3151 1766 3268 1804 vero
3296 1753 3404 1804 suis
3433 1751 3559 1803 locis
3598 1764 3813 1820 quisque
3834 1749 4060 1818 reposita

2469 1848 2652 1915 officia,
2686 1855 2908 1914 aptaque
2933 1843 3153 1913 reperies
3185 1857 3204 1895 :
3231 1842 3603 1896 cumnavibus
3647 1851 3797 1910 atque
3828 1841 4054 1908 periodis

779 1952 933 1991 rores
963 1951 1149 2005 prtum:
1171 1935 1382 1991 Aldina:
1405 1935 1655 1990 editionis
1684 1936 1752 1990 ab
1780 1936 2001 1994 Heinsio
2031 1938 2208 2002 citari,
2235 1935 2362 2004 quin
2395 1945 2442 2005 Β
2468 1944 2740 2004 distincta,
2777 1940 2936 1995 verbis
2963 1949 3116 2004 atque
3154 1938 3412 1991 sententiis
3454 1936 3704 1990 dilucido.
3748 1934 3874 1988 Tuis
3904 1935 4059 2003 igitur

780 2027 828 2080 is
855 2027 1103 2102 animum
1124 2025 1191 2079 ad
1222 2029 1588 2080 corrcctiones
1612 2027 1930 2094 adverterit,
1955 2027 2154 2080 dubius
2187 2027 2366 2080 haereo

781 2129 838 2174 et
859 2121 1106 2186 suspicor
1133 2118 1426 2174 editionem
1448 2119 1589 2182 Aldi,
1619 2133 1777 2184 quam
1811 2119 1926 2186 ipse
1962 2118 2164 2184 laudat,
2199 2119 2366 2186 perti-

783 2224 916 2264 nere
941 2206 1009 2263 a'd
1038 2225 1238 2263 annum
1263 2209 1425 2273 £501,
1460 2209 1756 2264 Giselinum
1784 2223 1935 2275 vero,
1966 2210 2253 2264 editionem
2277 2224 2365 2264 se-

783 2301 1012 2358 cundam
1040 2316 1161 2354 cum
1191 2300 1341 2366 dicit,
1375 2300 1673 2370 intelligere
1698 2304 2093 2366 correctiones;
2120 2302 2365 2356 diversas

779 2401 960 2446 autem
990 2391 1269 2460 lectiones,
1309 2407 1431 2460 qua:
1470 2392 1607 2446 Aldo
1636 2391 1983 2462 efﬁnguntur,
2015 2393 2188 2447 errori
2235 2392 2366 2447 alle-

780 2485 1018 2552 gantium
1067 2486 1427 2550 imputandas,
1460 2498 1581 2538 cum
1619 2499 1766 2554 su-pe
1794 2487 1966 2540 soleat
2007 2485 2276 2551 accidere,
2308 2493 2366 2540 ut

782 2575 941 2630 unius
971 2590 1166 2630 nomen
1196 2589 1293 2644 pro
1321 2575 1432 2628 alio
1452 2589 1553 2629 nec
1582 2575 1925 2644 opinantibus
1948 2575 2184 2631 excidat.

854 2665 946 2721 10'
973 2669 1130 2720 Anno
1163 2664 1321 2722 1503.
1358 2665 1439 2720 Ex
1470 2667 1655 2722 multis
1681 2681 1744 2721 ac
1773 2668 2158 2736 propemodum
2201 2669 2364 2722 innu-

779 2761 950 2814 meris
984 2758 1286 2825 breuiariis,
1318 2759 1370 2813 in
1411 2759 1606 2826 quibus
1644 2759 1884 2812 nonnulli
1910 2759 2096 2830 hymni
2127 2759 2369 2814 Pruden-

781 2849 914 2906 tiaui
939 2851 1123 2904 excusi
1161 2858 1308 2916 sunt,
1341 2849 1499 2903 liceat
1528 2863 1689 2902 unum
1723 2858 1926 2902 tantum
1973 2848 2234 2918 proferre,
2259 2850 2365 2905 sci-

780 2945 907 3000 licet
930 2942 1278 2999 lsidorianurn
1307 2957 1403 2996 seu
1439 2941 1752 3009 Gothicum,
1784 2943 1898 2996 sive
1925 2942 2066 3010 quod
2096 2942 2363 3009 plurimos

782 3036 1013 3108 hymnos
1031 3034 1085 3089 id
1105 3033 1384 3100 exhibeat,
1407 3034 1520 3088 sive
1544 3035 1685 3102 quod
1712 3033 2006 3103 Hispanum
2034 3036 2251 3104 penitus
2271 3036 2362 3099 sit,

781 3145 847 3185 ac
875 3128 1099 3199 pioinde
1123 3127 1324 3196 juverit
1353 3140 1418 3180 es
1453 3141 1518 3180 eo
1549 3126 1816 3181 lectiones
1836 3126 2095 3195 quasdam
2135 3143 2170 3181 a
2197 3139 2363 3183 caete-

781 3222 858 3276 ris
887 3221 1130 3275 diversas
1157 3217 1460 3273 desumere.
1493 3218 1547 3272 In
1584 3232 1652 3271 eo
1681 3227 1807 3272 sunt
1847 3218 2080 3293 hymnus
2107 3219 2365 3289 Jejunan-

2466 2035 2722 2088 industrio
2755 2045 2801 2087 et
2840 2045 3076 2086 tunsus
3105 2031 3197 2082 diu
3238 2030 3381 2083 senio
3419 2027 3710 2096 periclitata
3753 2025 3916 2095 ofﬁcio
3950 2024 4059 2077 lsi-

2466 2128 2684 2180 doriano
2715 2125 2963 2194 legentur.
3001 2125 3130 2188 Qua:
3158 2124 3210 2176 in
3239 2128 3465 2176 omnium
3497 2121 3731 2174 notitiam
3755 2131 4061 2188 perventura

2465 2220 2607 2290 apud
2634 2227 2861 2288 posteros
2881 2257 2895 2280 ,
2933 2214 3197 2269 rltaritatis
3243 2225 3344 2267 tute
3370 2213 3571 2277 studia,
3602 2223 3651 2266 et
3681 2226 3818 2264 meos
3857 2211 4058 2262 labores

2464 2310 2815 2366 recensebant.
2870 2305 3144 2361 Videbitur
3172 2306 3379 2374 insuper
3419 2304 3688 2374 diligentia
3733 2300 3917 2354 nobilis
3961 2300 4060 2353 viri

2467 2401 2764 2456 Melchioris
2782 2396 2978 2454 Goricii
3003 2396 3332 2452 Novariensis
3353 2412 3372 2450 :
3386 2395 3532 2466 cujus
3554 2409 3710 2462 opera
3729 2391 4058 2448 exactissima

2464 2493 2562 2547 hoc
2585 2508 2714 2559 opus
2750 2490 3067 2544 laboriosum
3109 2497 3182 2540 est
3222 2487 3522 2557 impressum
3548 2487 3601 2538 in
3637 2484 3760 2538 urbe
3787 2483 3934 2555 regia
3955 2481 4058 2534 To-

2468 2588 2636 2638 letano
2669 2583 2766 2654 (a).
2795 2581 2949 2649 Quod
2979 2582 3169 2636 attinet
3199 2579 3265 2634 ad
3293 2580 3564 2647 impensas
3595 2578 3828 2631 fortasse
3860 2574 4056 2644 partim

2467 2689 2561 2731 eas
2586 2674 2876 2729 cardinahs
2927 2671 3222 2738 Ximenez,
3263 2671 3458 2739 partim
3509 2667 3767 2723 Melcltior
3812 2664 4057 2720 Goricius

2467 2765 2625 2828 fecit,
2673 2774 2730 2818 ut
2772 2763 2844 2817 ita
2875 2762 3076 2817 veritas
3121 2760 3367 2829 utrinque
3413 2768 3646 2814 constet.
3694 2757 3830 2822 Quid
3881 2755 4055 2824 egerit

2467 2852 2733 2919 Ortizius,
2762 2854 2874 2908 suis
2906 2853 3088 2906 verbis
3126 2857 3366 2905 notatum
3401 2850 3540 2904 mini
3566 2891 3582 2917 ,
3615 2860 3672 2902 ut
3700 2847 4053 2918 quorumdam

2465 2943 2829 3016 opinionibus,
2861 2942 2952 3013 qui
2983 2957 3230 3012 magnam
3261 2940 3626 2996 ditersitatein
3655 2942 3794 2994 inter
3843 2952 3974 2992 mss.
4001 2948 4058 2991 et

2466 3039 2609 3094 edita
2672 3037 2847 3092 ol’licia
2901 3035 3128 3092 Gothica
3181 3035 3414 3103 jactant,
3458 3046 3823 3089 occurrerem.
3869 3029 4055 3085 Ortisii

2471 3131 2630 3185 ﬁdem
2679 3130 2958 3183 luculento
3003 3125 3316 3181 testimonio
3362 3124 3646 3179 conﬁrmat
3667 3119 4057 3177 excellentissi-

2470 3237 2589 3275 tnus
2618 3219 3058 3288 archiepiscopus
3081 3217 3375 3272 Toletanus
3402 3215 3466 3269 Ι).
3501 3214 3566 3268 D.
3599 3213 3915 3268 Frauciscus
3938 3211 4052 3265 An-

779 3315 929 3374 tiunt,
967 3311 1031 3366 S.
1076 3308 1323 3376 Eulaliae,
1367 3310 1431 3365 S.
1471 3309 1748 3378 Vincentii,
1793 3313 2025 3381 Agnetis,
2058 3310 2363 3378 Fructuosi,
2393 3300 2442 3362 C
2476 3313 2651 3367 tonius
2681 3314 3010 3378 Lorenzana,
3039 3312 3192 3378 cujus
3219 3323 3380 3377 opera
3413 3309 3608 3362 iterum
3641 3307 3970 3361 Breviarium
3999 3315 4056 3360 et

782 3401 1061 3458 Hemeterii
1084 3410 1134 3456 et
1157 3397 1442 3465 Celedoaii,
1474 3400 1766 3455 Octodecim
1783 3413 2069 3472 martyrum
2095 3402 2365 3457 Ctesarau-
2469 3405 2683 3461 Missale
2719 3404 3070 3458 lsidorianutn
3101 3403 3259 3472 longe
3305 3399 3737 3469 magniﬁcentius
3783 3409 3838 3453 et
3865 3413 4053 3453 corre-

781 3502 1165 3566 gustonorum,
1187 3489 1472 3558 Laurentii,
1529 3490 1771 3556 Romani,
1822 3491 1978 3546 Omni
2021 3494 2172 3560 liora,
2214 3494 2366 3548 Circo
2468 3499 2605 3550 ctius
2633 3496 2968 3565 prodierunt.
3003 3494 3128 3548 Isin
3160 3492 3370 3549 erudita
3402 3491 3717 3561 praefatione
3742 3489 3809 3544 ad
3837 3487 4055 3543 Brevia-

781 3587 1068 3656 exsequios,
1101 3584 1175 3637 De
1201 3597 1329 3637 notio
1367 3585 1582 3648 lumine,
1625 3586 1756 3638 Ante
1784 3601 2041 3640 somnum.
2077 3586 2118 3641 E
2144 3588 2368 3656 quibus—
2473 3591 2613 3643 rium
2635 3629 2652 3654 ,
2694 3603 2802 3657 quo
2826 3596 2946 3640 utor
2973 3585 3213 3654 ejusdem
3240 3584 3416 3651 dono,
3449 3592 3633 3653 aperte
3659 3583 3736 3638 ait
3763 3601 3776 3636 :
3807 3581 4050 3652 Aliquod,

781 3679 905 3734 dam
938 3692 1067 3732 vero
1094 3676 1266 3731 solum
1300 3676 1572 3730 nonnullae
1599 3675 1833 3745 strophae
1861 3677 2180 3747 seliguntur,
2216 3688 2272 3732 ut
2297 3678 2366 3733 ad
2473 3682 2590 3734 licet
2612 3682 2740 3742 tere,
2765 3680 2818 3731 in
2844 3677 3181 3747 quorumdam
3207 3677 3472 3729 verborum
3501 3676 3920 3728 transmutatione
3942 3673 4052 3726 dis-

780 3772 1022 3840 singulos
1059 3769 1321 3824 dicemus.
1369 3768 1578 3823 Prodiit
1621 3780 1802 3827 autem
1847 3769 2178 3823 Breviarium
2218 3786 2362 3826 anno

783 3863 925 3919 1501
954 3862 1108 3932 jussu
1137 3860 1480 3915 celeberrimi
1516 3861 1810 3914 cardinslis
1851 3859 2136 3928 Ximencz,
2165 3863 2361 3918 crede-

779 3969 893 4009 rem
927 3953 1088 4008 etiam
1133 3950 1409 4005 nonnullis
1453 3947 1874 4015 afﬁrmantibus,
1922 3950 2041 4019 ejus
2083 3955 2359 4021 expensis,

784 4045 888 4100 nisi
911 4044 962 4098 in
986 4043 1092 4096 line
1117 4042 1346 4109 legerem
1371 4056 1384 4092 :
1410 4039 1489 4093 Ad
1516 4040 1720 4092 laudem
1743 4041 2100 4108 omnipoteritis
2123 4042 2220 4096 Dei
2247 4059 2363 4097 nec-

782 4151 884 4189 non
938 4131 1165 4201 Virginis
1190 4130 1374 4184 Mariae
1417 4129 1596 4183 matris
1635 4131 1744 4199 ejus
1772 4143 1790 4182 :
1819 4131 2045 4183 omnium
2070 4142 2362 4184 sanctorum

779 4234 1192 4292 sanctorumque,
1225 4221 1478 4290 expletum
1524 4227 1597 4272 est
1624 4217 1943 4273 Breviorium
1980 4222 2258 4275 secundum
2283 4239 2366 4276 re-

777 4316 952 4387 gulam
971 4313 1106 4366 beati
1126 4309 1317 4365 lsidori
1333 4312 1526 4363 dictum
1546 4307 1846 4367 Hosnrabes
1874 4326 1893 4364 :
1908 4314 2134 4366 maxima
2150 4330 2268 4368 cum
2283 4316 2363 4368 di-

778 4487 888 4543 tus,
922 4475 1027 4528 ode
1065 4470 1119 4525 in
1168 4467 1379 4543 laudem
1413 4466 1840 4543 beatissimorum
1888 4481 2180 4542 martyrum
2221 4473 2359 4528 Fru-

777 4537 950 4600 ctuosi
982 4541 1218 4609 episcopi
1252 4539 1502 4592 Ecclesia:
1535 4537 1782 4609 Tarrac.,
1809 4549 1865 4592 et
1894 4537 2134 4609 Augurii,
2171 4555 2224 4597 ct
2249 4544 2357 4598 Eu-

781 4615 907 4684 logii
933 4612 1165 4666 diaconi.
1191 4608 1482 4684 Septtmus,
1509 4610 1689 4684 passio
1713 4608 2266 4684 Hippolytimartyris
2287 4615 2353 4669 ad

2469 3773 2659 3825 crimen
2698 3771 2831 3824 inter
2872 3767 3192 3823 Breviarium
3233 3767 3580 3822 lsidorianunt
3623 3766 3764 3838 prelo
3806 3769 3983 3820 datum
4019 3783 4052 3818 o

2465 3862 2731 3916 cardinale
2761 3859 3038 3923 Ximenio,
3081 3868 3125 3912 et
3154 3861 3284 3914 inter
3331 3869 3637 3913 memoratos
3683 3860 3879 3912 codices
3925 3873 4048 3913 mss.

2463 3951 2822 4021 agnoscimus;
2861 3961 3172 4020 quapropter
3207 3951 3462 4020 conjicere
3492 3947 3678 4012 licebit,
3712 3949 3789 4003 eel
3815 3948 4050 4017 Alphon-

2465 4060 2578 4096 sum
2611 4043 2861 4096 Ortizium
2890 4043 3196 4096 canonicum
3233 4042 3537 4097 Toletanum
3583 4043 3689 4096 alia
3737 4058 3844 4110 prie
3889 4041 4050 4094 oculis

2469 4134 2706 4187 habuisse
2754 4132 3107 4202 autographa,
3159 4149 3296 4186 nunc
3349 4135 3590 4200 temperis
3639 4132 3931 4198 deperdita,
3975 4133 4051 4184 vel

2467 4227 2734 4293 ipsummet
2781 4225 3098 4294 Alphonsum
3140 4223 3420 4278 cardinalis
3475 4223 3702 4278 Ximenii
3745 4223 4051 4276 auctoritate

2467 4317 2718 4369 munitum
2757 4316 2809 4369 in
2852 4319 2978 4370 locis
3008 4317 3234 4370 obscuris
3277 4315 3630 4384 psalmorum,
3669 4315 3756 4368 ubi
3795 4314 4051 4366 anxietate

2464 4485 2621 4532 stum.
2655 4477 2711 4531 in
2743 4477 3162 4548 Psychomachia
3190 4477 3307 4532 sine
3331 4477 3438 4532 alio
3463 4477 3612 4548 titulo
3633 4476 3838 4548 initium
3866 4473 4049 4548 παρτε.

2462 4561 2558 4611 ste,
2591 4565 2765 4614 graves
2792 4546 3075 4601 hominum.
3111 4550 3393 4602 Extremus
3423 4547 3612 4601 titulus
3643 4559 3726 4600 est
3752 4546 4048 4600 Concordia:

2462 4628 2510 4671 et
2543 4618 2830 4672 Discordia:
2861 4636 3051 4688 pagina,
3083 4633 3144 4671 ac
3182 4632 3397 4685 semper
3428 4618 3716 4688 adhibetur
3744 4634 3843 4670 Vox
3875 4633 4048 4688 pugna

783 4679 1130 4757 Vilerianum
1156 4683 1489 4757 episcopum.
1504 4679 1904 4757 _0t:tai'us,.od.e
1926 4681 1977 4733 iu
2004 4679 2212 4757 laudem
2231 4686 2356 4751 Qui-
2390 4697 2436 4756 υ
2463 4703 2563 4757 pro
2591 4690 2839 4742 conﬂictu
2861 4679 2955 4742 emi
2998 4679 3376 4743 certamine'in
3421 4689 3608 4742 titulis.
3640 4685 3839 4741 Cutem
3870 4679 3921 4739 in
3948 4679 4047 4741 hac

780 4755 881 4808 riui
913 4745 1448 4821 tnartyris,iepisc0pi
1477 4748 1725 4821 Ecclesia:
1746 4749 2022 4804 Siscianae.
2048 4745 2351 4815 Nomtsrlo-

776 4839 873 4878 cus
909 4823 996 4876 ubi
1043 4818 1304 4889 martyres
1329 4818 1489 4890 passi
1521 4829 1679 4890 sunt,
1723 4825 1863 4885 quod
1915 4837 2054 4874 nunc
2090 4823 2353 4890 Baptistc-

777 4897 915 4948 riutn
947 4888 1245 4964 appellatur
1275 4905 1287 4939 :
1317 4888 1497 4964 (deest
1519 4888 1884 4964 ltesautett'unt
1923 4907 1935 4941 :
1974 4890 2073 4944 Hic
2105 4888 2206 4945 duo
2228 4910 2350 4964 pur-

777 4958 1031 5033 pureum).
1062 4959 1331 5033 Decimus,
1364 4959 1540 5025 passio
1577 4958 1817 5033 Cassiani
1857 4964 2130 5033 martyris.
2174 4958 2350 5018 Uitde-

779 5029 921 5086 cimu
955 5067 974 5094 ,
1006 5032 1183 5097 passio
1213 5030 1486 5097 beatorum
1526 5029 1886 5096 apostolorum
1921 5031 2062 5085 Petri
2095 5043 2147 5085 ct
2180 5035 2346 5090 l’auli.

782 5096 1367 5178 Duodecimusapassio
1395 5096 1643 5178 Cypriani
1677 5101 1946 5178 martyris.
1979 5102 2347 5178 Iri-decimus,

780 5173 959 5240 passio
988 5170 1507 5240 Agnetis‘martyris.
1550 5171 1856 5240 Sequuntur
1877 5170 1999 5226 libri
2031 5173 2138 5227 duo
2161 5170 2348 5230 contra

778 5236 1178 5311 Symmachum.
1213 5236 1338 5311 [inst
1364 5243 1574 5311 titulum
1599 5237 1665 5290 de
1690 5237 1915 5311 Hercule
1946 5243 2142 5296 desunt
2163 5245 2249 5297 alii
2282 5246 2352 5298 ti-

779 5306 874 5384 tuli
913 5321 1082 5384 usque
1112 5307 1177 5360 ad
1221 5306 1298 5360 De
1322 5308 1546 5375 potentia
1571 5311 1757 5373 crucis,
1792 5309 1903 5362 Hoc
1931 5312 2076 5384 signo
2100 5317 2349 5384 invictus.

780 5382 970 5451 Postea
1004 5379 1355 5451 Romanorum
1379 5389 1612 5451 senatum
1645 5393 1944 5451 conversum
1973 5379 2039 5434 ad
2071 5382 2347 5451 Chris'um,

781 5450 1055 5504 Easultare
1077 5456 1261 5514 patres.
1275 5444 1496 5505 Plebem
1522 5447 1803 5502 [tertianam
1827 5450 1878 5501 in
1907 5449 2166 5507 Christum
2185 5444 2352 5509 credi;

780 5522 950 5593 disse;
978 5518 1230 5593 pontii-uc
1259 5517 1326 5593 ad
1367 5519 1631 5593 populum.
1663 5518 1821 5593 Deest
1853 5522 2073 5576 tiulus:
2101 5523 2348 5593 Symma-

782 5587 1254 5664 cltum_olloquiturh.
1285 5587 1342 5640 In‘
1373 5587 1507 5664 libro
1536 5603 1571 5641 ιι
1604 5589 1856 5664 inseritur
1887 5594 2075 5647 relatio
2102 5587 2350 5664 Simma-

780 5661 889 5714 cbi.
920 5653 1172 5726 Sequitur
1201 5653 1559 5724 Dittoclueum,
1591 5658 1746 5726 cujus
1781 5661 1962 5716 titulos
1998 5653 2265 5718 variantes
2294 5667 2345 5721 in

781 5730 898 5792 ipso
923 5743 1084 5796 opere
1120 5727 1511 5780 Iduutahimtts.
1560 5730 1617 5798 [ιι
1650 5727 1754 5782 ﬁne
1801 5731 2076 5787 Diltttchzei
2117 5735 2240 5798 ode,
2291 5737 2343 5790 itt

778 5812 883 5872 qua
907 5807 1056 5866 poeta
1085 5799 1242 5872 dese
1269 5796 1703 5872 loquiturLPius,
1735 5802 1920 5867 fidelis,
1952 5796 2344 5872 innocens,cu-

781 5867 868 5938 jus
894 5883 1075 5922 versus
1124 5870 1340 5921 ultimus
1375 5883 1481 5933 est,
1511 5867 1718 5921 Iurabit
1746 5885 1831 5924 ore
1875 5889 2172 5941 personasse
2195 5867 2344 5929 Citri-

2463 4759 2702 4812 editiOne
2731 4769 3034 4826 congruunt
3070 4775 3191 4814 cum
3222 4759 3458 4814 editione
3477 4757 3686 4814 Weitzii
3719 4759 3858 4813 circa
3898 4758 4046 4811 ordi-

2463 4844 2584 4882 nent
2621 4839 2674 4881 et
2701 4831 2902 4882 ltltlltis.

2531 4898 2606 4967 (α)
2644 4899 2840 4953 Eadem
2874 4898 2984 4953 iere
3028 4899 3223 4967 repetit
3251 4899 3304 4952 in
3336 4897 3648 4966 prmfatione
3676 4896 3923 4962 Missalis,
3955 4895 4046 4951 tibi

2456 4969 2525 5021 de
2546 4969 2834 5024 Melchiore
2867 4969 3084 5024 Goricio
3115 4978 3188 5040 ait
3215 4986 3228 5022 :
3255 4967 3418 5040 Cujus
3442 4985 3600 5040 opera
3631 4979 3677 5023 et
3706 4982 3940 5021 tunsusts
3959 4984 4048 5040 ars

2456 5041 2783 5108 impressoria
2802 5041 2853 5092 in
2878 5055 2939 5093 ea
2965 5044 3090 5094 urbe
3117 5037 3339 5110 (Toletij
3367 5038 3517 5093 valde
3545 5041 3801 5094 ittustrota
3845 5048 3939 5091 est.
3970 5037 4046 5110 De

2453 5125 2512 5161 se
2536 5124 2714 5164 autem
2750 5128 2765 5163 :
2794 5111 2961 5176 Quam
2984 5113 3212 5181 profecto
3235 5110 3560 5163 durissz
3581 5110 3895 5181 prouinciam
3919 5109 4048 5162 mihi

2454 5194 2716 5233 servorum
2748 5192 2949 5233 tuorum
2969 5179 3184 5233 minimo
3208 5183 3453 5233 mandare
3479 5179 3847 5233 non-dubitasti
3873 5195 3893 5234 :
3919 5195 4044 5247 qua-

2458 5257 2603 5301 tenus
2630 5267 2832 5304 sumnta
2861 5266 2978 5303 rum
3010 5250 3280 5319 diligentia
3307 5250 3574 5304 missarum
3616 5253 3669 5305 in
3703 5251 3881 5321 primis
3908 5255 4047 5303 sole-

2460 5321 2597 5371 mnia
2646 5335 2955 5374 recenserem
2995 5336 3056 5372 ac
3097 5321 3237 5390 vigili
3268 5321 3655 5387 lucubratione,
3691 5335 3807 5390 qua
3847 5337 3882 5375 o
3931 5334 4048 5390 vero

2456 5391 2810 5443 characterem
2846 5391 3087 5462 ruditate‘
3117 5391 3329 5444 dimissa
3371 5391 3482 5462 jam
3517 5391 3609 5444 diu
3647 5389 3881 5461 fuerant,
3925 5389 4050 5458 styli

2458 5473 2558 5510 non
2582 5468 2798 5525 mutato,
2821 5459 2979 5514 ductu
2995 5460 3274 5527 reﬁcerent,
3287 5459 3578 5530 seruataque
3591 5459 3856 5516 verborum
3876 5462 4046 5531 digni-

2455 5538 2558 5580 tate
2578 5531 2926 5604 antiquorum
2941 5532 3259 5604 majestatem
3277 5532 3602 5604 custodirem.
3633 5531 3772 5586 Nam
3795 5548 3911 5604 quae
3939 5545 4049 5600 pro:

2451 5614 2505 5673 se
2530 5600 3150 5673 autiquitotemjerebant,
3169 5601 3354 5673 intacta
3375 5617 3483 5656 esse
3493 5603 3746 5673 jusseras,
3770 5600 3818 5657 et
3837 5607 4045 5673 tandem

2451 5669 2525 5740 sic
2551 5681 2724 5722 actum
2748 5680 2842 5724 est.
2870 5670 3009 5724 Nam
3039 5672 3284 5740 dispersis
3304 5672 3357 5726 in
3387 5669 3616 5727 ordinent
3643 5673 3882 5733 ndoctis,
3909 5671 4047 5724 vitiis

2449 5737 2680 5806 abrasis,
2733 5741 3007 5807 dubiisque
3035 5737 3306 5796 enucleota
3335 5757 3419 5795 rer
3441 5751 3544 5796 tate
3586 5745 3814 5798 lustratis
3837 5783 3852 5807 ,
3881 5752 3928 5794 et
3953 5758 4046 5794 ceu

2450 5808 2644 5931 sedilia
2684 5813 2846 5892 multa
2882 5813 3201 5880 resarciens,
3234 5821 3323 5866 tuo
3347 5815 3534 5882 jussu,
3577 5823 3634 5866 ut
3665 5813 3804 5867 valui
3827 5855 3844 5884 ,
3874 5817 4047 5867 omnia

2515 5894 2574 5931 us
2600 5895 2727 5931 rari.

2515 5894 2727 5934 ιιιιναινι.
