4504 6446
170 469 274 531 657

1534 456 2065 515 PROLECOMENA.

3348 459 3452 516 658

162 582 462 644 ehoaverit.
492 578 627 637 Nam
660 578 752 651 qui
788 580 1104 647 argumenta
1147 584 1327 627 rerum
1374 585 1495 640 qua:
1543 569 1595 625 in
1623 569 1756 625 Pru-
1784 573 1830 630 A
1944 570 2060 627 120.
2104 571 2371 628 Antonius
2397 570 2470 627 du
2501 569 2746 638 Verdier,
2782 571 3035 629 Diblioth.
3072 572 3290 634 Gallic..
3320 575 3450 630 edit.

164 677 351 735 dentio
395 674 579 737 latent,
622 672 695 727 ita
733 673 843 740 jam
889 680 1011 722 esse
1041 664 1304 722 illustrata
1330 671 1567 726 censeat.
1601 670 1657 717 ut
1686 663 1756 717 ab

168 786 296 837 uno,
324 768 409 823 vel
437 765 608 821 altero
636 763 842 833 possint
865 756 1160 823 exhauriri,
1185 757 1232 812 is
1250 770 1382 811 sane
1409 754 1491 808 vel
1515 753 1755 809 Pruden-

167 864 300 917 t'um
328 873 432 915 non
460 856 607 928 legit,
639 856 723 910 vel
754 852 904 908 nullo
934 852 1094 906 modo
1120 847 1382 905 intellexit
1409 847 1510 920 (a).

235 953 346 1025 98
386 951 506 1007 118.
548 946 844 1011 Ρτυάεηιῖί,
872 944 928 999 in
954 943 1202 1011 vulgares
1233 941 1446 1011 linguas
1478 941 1749 1009 conversi,

166 1062 274 1101 non
304 1052 382 1098 tot
426 1040 695 1111 proferam
743 1036 986 1104 exempla
1033 1042 1166 1105 quot
1201 1033 1420 1098 vellem.
1444 1047 1751 1103 quanquam

165 1138 319 1208 plura
350 1134 579 1189 fortasse
618 1131 804 1186 latent.
836 1127 943 1186 Sed
973 1137 1119 1183 certe
1153 1142 1257 1181 non
1291 1135 1398 1181 tam
1429 1127 1601 1179 obvia:
1629 1133 1755 1181 sunt

164 1238 338 1300 poeta:
368 1223 659 1282 Cluistiani
684 1220 978 1286 versiones,
1007 1235 1165 1290 quam
1197 1220 1427 1273 aliorum
1452 1218 1749 1287 gentilium,

163 1334 200 1376 ο
221 1316 412 1389 quibus
442 1314 587 1371 nulla
617 1311 888 1367 interdum
919 1310 1145 1375 utilitas,
1176 1308 1409 1363 maxima
1436 1309 1753 1378 plerumque

164 1408 433 1483 pernicies
459 1407 511 1461 in
541 1405 817 1460 hominum
855 1416 1033 1459 mores
1064 1408 1239 1471 potest
1266 1401 1523 1456 derivari.
1561 1400 1754 1455 Βοάτὶ-

163 1499 384 1570 guesius
422 1496 490 1552 de
512 1493 707 1552 Castro
737 1491 1175 1565 Psychomacbim
1215 1490 1525 1547 versionem
1558 1490 1751 1561 llispa-

163 1591 344 1646 nicam
370 1587 576 1644 viderat
596 1586 817 1657 (metro,
847 1591 908 1639 ut
930 1583 1183 1652 conjicio,
1198 1579 1438 1654 factam),
1460 1582 1754 1652 interprete

162 1677 514 1737 baccalaurea
564 1674 855 1732 Francisco
890 1672 1196 1738 Palumino,
1224 1671 1431 1728 ordinis
1475 1672 1532 1728 8.
1566 1672 1752 1728 Jacobi

160 1780 461 1829 conventus
472 1770 670 1829 Uclesil
692 1767 985 1831 mcerdote,
1000 1765 1198 1822 editam
1216 1764 1412 1823 Uclesii
1437 1766 1488 1821 in
1518 1766 1574 1833 4,
1591 1780 1749 1837 quam

160 1864 278 1934 ipse
304 1862 481 1917 laudat
508 1862 561 1916 itt
590 1858 797 1917 erudita
824 1871 919 1914 sua
954 1851 1201 1913 Biblibth.
1227 1856 1508 1927 llispaniczt

1858 662 2130 733 Lugdun.,
2165 662 2326 727 1685,
2360 677 2483 734 pag.
2516 662 2606 731 95,
2643 663 2693 717 id
2726 660 2888 719 llabt'l
2912 682 2924 717 :
2952 663 3157 720 Aurelie
3185 662 3455 719 Prudente

1858 752 2107 809 Clement.
2141 753 2218 808 La
2254 753 2475 809 Passion
2502 752 2567 809 de
2596 754 2779 811 Sainet
2811 755 2999 823 Qnirin
3030 764 3225 825 martyr
3248 770 3457 821 eresqne

1854 849 1920 905 de
1946 848 2157 916 Scissie,
2200 848 2337 918 prise
2374 847 2441 903 de
2487 847 2711 918 l‘ltynme
2754 850 2785 902 7
2838 848 2903 902 de
2955 847 3258 914 Prudente,
3308 850 3458 918 poe‘te

1856 940 2129 1005 chrestien,
2153 956 2216 994 en
2240 955 2334 994 son
2365 940 2489 995 licre
2508 940 2597 995 des
2614 955 2922 1005 conronnes,
2950 948 2997 993 et
3017 938 3243 994 traduite
3261 956 3322 993 en
3347 954 3455 993 vers

1855 1034 2083 1104 {ranpois
2114 1031 2318 1103 couplet
2368 1050 2502 1100 νοω*
2549 1033 2776 1104 conplet.
2832 1030 2985 1087 Edita
3018 1043 3102 1088 est
3139 1032 3283 1087 inter
3306 1032 3455 1087 Vitas

1855 1135 2165 1180 sanctorum
2212 1123 2432 1179 Parisiis
2474 1139 2569 1193 per
2609 1124 2888 1181 Nicolaum
2942 1122 3245 1181 Chesneau.
3290 1124 3452 1191 lhid.,

1856 1232 1979 1286 pag.
2004 1216 2165 1281 1023,
2202 1217 2393 1274 Petrus
2423 1218 2491 1274 de
2530 1218 2859 1275 Montchault
2890 1219 3050 1275 vertit
3085 1216 3288 1274 Gallice
3318 1217 3454 1273 duos

1856 1307 2087 1379 hymnos
2125 1308 2396 1364 Prudentii
2451 1309 2518 1364 de
2557 1309 2881 1379 Nativitate,
2925 1320 2982 1367 et
3033 1310 3102 1366 de
3156 1309 3453 1379 Epiphania

1855 1400 2136 1472 (carmine,
2160 1401 2400 1472 Opinor).
2433 1402 2587 1470 lbid.,
2612 1418 2734 1474 pag.
2759 1404 2885 1468 521,
2912 1402 3088 1460 Guido
3110 1404 3160 1459 le
3188 1402 3363 1459 Feure
3386 1402 3455 1458 de

1855 1492 1901 1551 la
1931 1492 2216 1550 Borderies
2237 1494 2403 1550 edidit
2426 1494 2643 1551 Parisiis
2662 1510 2757 1565 per
2774 1495 3069 1552 Robertum
3091 1496 3142 1551 le
3160 1494 3450 1567 Maignier:

1854 1584 2088 1657 Hymnes
2138 1586 2565 1658 ecclesiastiqnes,
2597 1596 2646 1641 et
2688 1588 2972 1658 eantiques,
3014 1586 3179 1655 partis
3208 1586 3449 1650 traduits,

1853 1678 2019 1750 partie
2044 1680 2108 1733 de
2139 1695 2234 1733 son
2274 1679 2569 1749 invention,-
2616 1680 2758 1747 1ηο8,
2799 1695 2942 1735 anno
2976 1679 3150 1746 1582,
3174 1679 3339 1737 editio
3359 1694 3451 1735 se-

1852 1772 2049 1837 cunda,
2079 1772 2167 1827 ubi
2195 1781 2321 1828 sunt
2348 1772 2409 1829 tl
2433 1785 2524 1829 aut
2546 1772 2628 1838 15,
2654 1783 2712 1829 ut
2726 1772 2899 1830 credit
2925 1772 3237 1837 Verderius,
3263 1771 3450 1843 hymni

1853 1863 2226 1932 Prudentiani,
2259 1874 2435 1919 metro
2466 1863 2670 1921 Gallico
2689 1878 2718 1918 a
2743 1863 2990 1921 Guldone
3020 1864 3295 1934 eleganter
3322 1876 3452 1917 con-

235 1955 361 2011 119.
402 1952 546 2009 idem
587 1950 756 2007 refert
779 1950 938 2005 aliam
966 1949 1271 2004 versionem
1297 1965 1311 2003 :
1338 1949 1657 2005 Traduccion
1684 1950 1748 2005 de
1778 1946 1823 2008 Β
1854 1958 2014 2014 versi.
2039 1957 2197 2025 lbi-l.,
2232 1973 2351 2028 pag.
2380 1957 2508 2024 959,
2542 1956 2815 2013 Paschalis
2840 1955 3015 2013 Bobin
3042 1955 3246 2013 Gallice
3274 1952 3453 2011 reddi-

160 2044 241 2101 los
267 2043 505 2116 hymnos,
540 2057 633 2112 que
657 2041 775 2096 Ιιὶιο
801 2041 1009 2095 Aurelio
1049 2039 1343 2096 Pradencio
1370 2058 1402 2095 a
1427 2042 1505 2097 los
1534 2042 1757 2099 ilustris-

158 2138 319 2192 simas
341 2137 574 2191 martires
599 2134 662 2191 S.
692 2134 1002 2200 Lanreneio,
1036 2132 1098 2195 S.
1134 2132 1356 2202 Vicente,
1378 2134 1440 2191 S.
1470 2133 1752 2206 Engraeia,

162 2228 230 2284 S.
261 2226 534 2295 anercio,
556 2242 589 2296 ῃ
617 2225 694 2280 los
720 2224 895 2279 demas
911 2222 1311 2289 innumerables,
1336 2240 1432 2295 que
1450 2226 1756 2296 padecieron

161 2334 229 2375 en
253 2319 306 2373 la
330 2317 569 2386 imperial
594 2316 783 2371 eindad
810 2316 875 2370 de
911 2314 1197 2387 Zaragoza.
1238 2314 1345 2370 Con
1373 2316 1421 2371 el
1451 2318 1756 2372 nacinn'ento

160 2427 199 2482 ῃ
218 2410 386 2481 patria
414 2406 501 2462 del
524 2422 717 2463 nmmo
742 2406 951 2462 Aurelio
973 2405 1289 2461 Prndencio.
1321 2406 1431 2461 Par
1465 2406 1592 2462 Lais
1629 2406 1757 2464 Dies

159 2500 231 2556 de
263 2500 401 2570 Anz,
443 2499 555 2574 ltijo
583 2499 647 2554 de
673 2500 726 2554 la
758 2499 939 2555 misma
971 2497 1179 2565 cindad,
1207 2513 1240 2551 a
1281 2498 1434 2568 quien
1473 2516 1528 2553 se
1553 2499 1755 2553 dedica.

163 2589 251 2647 En
275 2590 543 2663 Zaragoaa
566 2605 661 2659 por
685 2586 827 2644 Juan
860 2589 924 2643 de
951 2587 1155 2659 Lanaja
1191 2605 1225 2659 ν
1258 2588 1563 2656 Quartanet.
1598 2590 1755 2645 1619.

162 2683 308 2741 ln-8.
340 2681 642 2737 Ludovicus
670 2680 819 2747 Dies,
851 2680 1278 2737 commentitium
1309 2680 1494 2736 Dextri
1522 2680 1759 2737 Chroni-

159 2791 268 2834 con
300 2783 539 2843 secutus,
572 2774 809 2846 llispano
836 2773 1077 2830 carmine
1109 2772 1387 2829 Prudentii
1415 2773 1589 2829 Vitam
1623 2776 1759 2831 scti-

161 2868 293 2940 psit.
321 2867 403 2924 Cl.
435 2866 654 2923 Petrum
677 2864 870 2921 Garcia
899 2864 967 2920 de
995 2863 1044 2919 la
1076 2863 1275 2920 liuerta
1301 2865 1546 2921 versibus
1572 2864 1760 2934 Hispa—

161 2960 251 3015 nis
290 2956 567 3014 Prudentii
606 2956 834 3028 hymnos
865 2954 1095 3012 reddere
1136 2971 1201 3011 ex
1244 2955 1435 3013 eodem
1476 2957 1674 3022 audivi,
1706 2965 1762 3012 et

160 3052 274 3122 jam
304 3048 508 3120 pridem
546 3049 847 3106 versionem
897 3047 1085 3118 hymni
1115 3048 1183 3105 de
1216 3047 1372 3105 Novo
1400 3049 1631 3106 Lumine
1667 3065 1763 3123 pa~

162 3139 368 3199 schalis
394 3139 604 3197 sabbati
633 3154 823 3212 magna
850 3154 979 3196 cura
1001 3139 1329 3196 elaboratam
1352 3140 1479 3211 legi.

1858 2048 1940 2104 dit
1970 2051 2125 2119 (poto
2146 2047 2411 2119 carmine)
2429 2047 2686 2119 hymnum
2708 2046 3003 2103 secundum
3020 2044 3450 2117 Peristepttanun

1858 2137 1927 2195 de
1954 2138 2012 2194 8.
2038 2137 2349 2204 Laurentio,
2379 2146 2434 2194 et
2464 2137 2681 2194 tertium
2708 2137 2777 2193 de
2808 2135 2868 2194 8.
2899 2134 3131 2192 Eulalia.

1928 2228 2041 2300 99
2078 2228 2201 2284 121.
2245 2227 2369 2284 "me
2416 2224 2591 2284 habeo
2639 2227 2823 2285 Italica
2866 2225 3145 2283 Prudentii
3189 2223 3451 2281 carmina.

1860 2317 1888 2375 ι
1920 2321 2019 2374 due
2039 2319 2157 2374 libri
2184 2321 2241 2374 di
2273 2319 2549 2374 Prudenao
2579 2333 2755 2374 conire
2778 2317 3075 2390 Symmaco.
3119 2314 3358 2372 Tradotti
3398 2315 3453 2370 in

1859 2416 1993 2467 versi
2016 2413 2228 2474 ltaliani
2257 2413 2347 2467 dal
2377 2410 2446 2468 Ρ.
2478 2411 2556 2467 Η.
2582 2410 2738 2467 Carlo
2758 2410 3009 2480 Δασειὶηο
3028 2409 3249 2464 Λιιεαίάί
3280 2407 3453 2461 dome-

1860 2505 2066 2559 nicono.
2120 2503 2368 2570 Venesia,
2410 2519 2656 2574 oppresso
2700 2501 2879 2557 Pietro
2917 2499 3253 2567 Valuasense,
3294 2496 3453 2553 1754.

1862 2594 2009 2651 ln-8.
2035 2594 2091 2650 In
2119 2593 2437 2666 praefatione
2463 2596 2537 2648 ait
2569 2592 2840 2649 Ansaldus
2871 2604 3073 2662 paucos
3099 2589 3151 2645 id
3176 2588 3457 2645 Prudentii

1861 2699 1998 2755 epus
2024 2683 2429 2741 commentariis
2478 2685 2798 2748 illustrasse,
2848 2695 2913 2739 ac
2958 2682 3137 2738 solum
3178 2679 3456 2737 lleinsiutn

1862 2775 2113 2842 lelicitor,
2154 2777 2296 2845 quod
2344 2775 2546 2846 oppido
2593 2775 2783 2831 falsum
2837 2782 2943 2838 est,
2992 2787 3117 2829 nam
3148 2786 3243 2829 eos
3288 2771 3458 2832 libros

1866 2866 2039 2923 doctis
2094 2866 2498 2922 commentariis
2544 2866 2880 2922 illustrarunt
2924 2863 3143 2921 Juretus
3187 2870 3245 2918 et
3280 2863 3456 2919 Cran-

1866 2972 2035 3029 gmus,
2065 2967 2123 3013 ut
2147 2959 2283 3013 alios
2314 2959 2556 3012 omittam
2597 2958 2688 3028 qui
2732 2956 3156 3012 commentarios
3181 2954 3237 3009 in
3274 2953 3457 3013 omnia

1868 3051 2105 3105 carmina
2137 3050 2440 3105 ediderunt.
2475 3048 2655 3105 Editio
2684 3063 2935 3105 versuum
2964 3049 3278 3104 Latinorum
3300 3062 3458 3102 men-

1870 3141 1954 3198 dis
1983 3153 2152 3200 scatet
2184 3142 2279 3214 (c),
2304 3142 2674 3213 interpretatio
2700 3157 2832 3214 pura
2863 3152 2967 3208 est,
3003 3143 3161 3214 ιοο
3188 3149 3243 3197 et
3266 3139 3458 3195 nitida.

164 3257 354 3336 (quam
393 3253 628 3336 fortasse,
659 3253 748 3336 alii
771 3270 885 3336 Inon
932 3253 1422 3336 laudabuntjquod
1452 3256 1519 3309 ab
1544 3255 1759 3311 Heinsio
1788 3256 1835 3321 C
1869 3258 2139 3336 ipdicabo.
2191 3260 2336 3336 inter
2374 3260 2529 3336 Acta_
2553 3260 3097 3336 sin_eera_martyr_mn
3153 3255 3459 3336 Theca-orici

164 3322 258 3394 vix
290 3340 452 3380 ausus
478 3322 636 3378 fuerit
655 3324 739 3379 vel
771 3324 933 3378 latum
958 3339 1187 3394 unguem
1215 3322 1513 3389 discedere,
1538 3342 1657 3380 cum
1686 3336 1763 3381 tot

168 3388 463 3464 Vaticano:
486 3395 702 3449 codices
724 3388 1057 3457 lustraverit,
1071 3409 1207 3462 quos
1234 3388 1508 3451 interdum
1522 3397 1642 3464 jure
1664 3411 1762 3453 suo

168 3463 433 3535 praeferre
464 3466 715 3535 potuerit.
747 3463 1141 3535 Chamillardus
1170 3465 1386 3535 quidem
1418 3476 1473 3519 et
1500 3463 1763 3521 Cellarius

167 3534 351 3593 minus
380 3542 505 3588 sunt
557 3534 658 3587 hac
706 3534 759 3588 in
790 3549 850 3588 re
889 3534 1107 3588 notandi
1138 3551 1151 3587 :
1182 3534 1301 3589 nam
1344 3536 1519 3590 nullos
1548 3537 1764 3592 codices

169 3619 271 3673 per
298 3618 359 3658 se
387 3606 751 3670 inspexerunt,
793 3612 848 3658 et
879 3602 1157 3659 liberiores
1185 3613 1361 3660 tamen
1386 3620 1507 3661 esse
1524 3607 1652 3660 mihi
1686 3607 1764 3660 vi-

169 3674 391 3730 dentur.
412 3673 629 3745 Teofius
648 3677 809 3745 etiam
838 3673 1122 3745 quamdam
1153 3674 1589 3745 orthographiam
1626 3678 1765 3731 anti-

169 3752 388 3814 quatam
418 3743 729 3818 exgiieinsio
754 3744 1037 3818 expressit,
1065 3757 1264 3818 urguet.
1292 3743 1500 3818 tinguit,
1527 3757 1761 3818 temptat,

168 3828 243 3896 ex
262 3815 792 3896 quo-pariterpotuit
820 3815 1275 3896 accipereulabsa,
1307 3815 1482 3896 inpar,
1516 3815 1761 3896 loquella,

169 3892 229 3955 ct
253 3883 469 3938 similia.
500 3884 553 3938 In
575 3883 1009 3955 Heinsiotualitn
1040 3884 1143 3939 alia
1177 3883 1376 3940 imitari
1405 3904 1417 3939 :
1447 3883 1588 3955 quod
1618 3888 1763 3942 enim

170 3954 224 4008 is
247 3953 958 4026 veterescodicesallegat,
991 3970 1097 4009 non
1130 3957 1260 4011 satis
1294 3953 1597 4026 congruens
1629 3959 1765 4012 ratio

168 4032 279 4096 est,
316 4033 371 4077 ut
400 4024 560 4096 aliam
605 4022 884 4096 scribendi
916 4026 1179 4080 rationem
1212 4027 1326 4096 ipse
1369 4022 1570 4091 teneat,
1602 4028 1763 4084 aliam

170 4094 232 4168 iu
253 4093 893 4168 carminihusfrudentii
911 4096 1195 4168 exarandis
1222 4093 1458 4168 adoptat.
1481 4096 1767 4168 Orthogra-

168 4164 370 4234 phiam,
399 4163 575 4232 inquit
600 4164 847 4234 Heinsius
882 4165 934 4218 in
981 4164 1316 4233 prmfatione,
1335 4163 1676 4223 ’Pulmannu's
1702 4186 1767 4224 ex

168 4233 383 4288 uetustis
410 4233 780 4300 exemplaribus
806 4249 908 4288 non
932 4235 1233 4308 inconcinne
1256 4246 1344 4289 aut
1366 4238 1543 4292 inscite
1560 4253 1767 4308 expres-

169 4314 332 4373 serat,
361 4319 517 4373 qnam
555 4312 721 4358 tamen
762 4320 857 4358 nos
898 4320 961 4358 επ
1000 4306 1304 4361 membranis
1349 4306 1633 4362 veterrimis
1682 4308 1767 4364 hic

168 4372 287 4445 illic
316 4372 718 4445 itnmutavimns,
746 4390 806 4427 ac
835 4374 1097 4429 meliorem
1130 4392 1220 4444 pro
1261 4377 1399 4431 virili
1422 4379 1762 4445 reddidimus,

170 4441 295 4520 plus
322 4444 638 4511 conspiranti
656 4445 890 4520 codicum
916 4441 1383 4520 antiquissimarum
1402 4447 1652 4520 stt/Tragic
1676 4441 1766 4503 de;

170 4514 416 4587 ferentes,
443 4530 595 4587 quam
626 4516 889 4583 praceptis
930 4514 1398 4587 grammaticorum,
1436 4533 1550 4587 qua
1568 4514 1764 4573 'minus

169 4584 402 4659 veritatis
438 4584 677 4659 ﬁdeique,
708 4600 861 4651 quam
889 4584 1210 4659 argutiarum
1250 4596 1303 4641 nt
1339 4584 1619 4658 plurimum
1656 4606 1765 4659 pra:

169 4630 246 4729 g;
260 4630 1223 4729 Ῑὲῖιᾶἷιιζ“ῐ)ἶὶξῖιῖιὶιᾶιῖιίῇὲε”’ά³εῖιξᾞὲιῖἑῆι
1242 4630 1763 4729 EuZL'ﬁIFE'a'm:
1793 4630 1845 4693 ι)

170 4725 439 4796 immutari
486 4724 881 4793 orthographia
909 4724 1155 4796 potuisse,
1204 4727 1251 4780 si
1277 4724 1584 4782 membranis
1616 4745 1763 4784 vene-

170 4795 398 4869 randam
438 4804 732 4869 vetustatem
774 4795 1143 4869 ostentantibus
1190 4799 1429 4869 assentiri
1458 4814 1550 4869 per
1579 4800 1764 4869 omnia

171 4868 263 4938 ius
290 4864 818 4938 [asquerltabnissemj
849 4874 895 4938 et
915 4865 1053 4938 euris
1073 4864 1586 4938 secundisnonnihil
1604 4883 1767 4922 reser-

171 4934 723 5007 vandumyiaebatnr.
763 4934 1022 5007 Equidem
1071 4935 1124 4988 in
1155 4936 1430 5007 codicibus
1458 4938 1767 5007 antiquissi-

173 5006 285 5060 mis
315 5002 445 5076 nihil
474 5005 617 5059 ahud
648 5003 860 5073 reperio
890 5005 991 5059 nisi
1028 5006 1316 5060 maximam
1349 5002 1764 5076 discrepantiam

175 5076 236 5132 in
262 5074 666 5148 orthographia,
695 5077 1113 5148 innumerosque
1136 5090 1366 5148 errores.
1389 5074 1574 5148 Neque
1605 5078 1766 5133 intel-

176 5148 311 5214 ligo,
343 5144 743 5216 curgl‘rudeutii
785 5146 1022 5199 carmina
1063 5146 1253 5215 magis,
1287 5162 1447 5216 quam
1489 5144 1768 5204 Ciceronis

176 5212 370 5285 opera,
399 5212 466 5267 ad
495 5216 931 5285 orthographiam
957 5212 1203 5270 codicum
1230 5212 1323 5283 vn,
1357 5233 1451 5273 \‘lll
1477 5222 1559 5274 vel
1590 5234 1645 5272 tx
1668 5235 1769 5272 sa:-

177 5284 285 5341 culi
318 5286 561 5338 revocari
606 5284 855 5339 debeant.
893 5284 1089 5340 Verum
1120 5286 1190 5341 de
1236 5286 1455 5342 diversa
1502 5288 1769 5344 scribendi

177 5358 395 5411 ratione
423 5353 670 5411 codicum
698 5363 753 5409 et
775 5356 1153 5411 nonnullarum
1176 5356 1470 5413 editionum
1495 5359 1771 5414 Prudentii

181 5424 359 5481 fusius
386 5423 560 5478 dicam
608 5423 674 5479 ad
722 5424 881 5494 hujus
908 5425 1098 5492 capitis
1145 5426 1347 5482 calcem
1394 5428 1447 5482 in
1505 5439 1653 5485 nota.
1713 5430 1770 5485 ln

179 5496 589 5569 commentariis
617 5496 813 5569 notabo
836 5496 1333 5569 quosdamerrqres
1353 5499 1785 5569 typographicos'

178 5565 436 5621 editionis
466 5564 767 5635 Parmensis
798 5565 848 5619 in
877 5564 1204 5621 carminibus
1226 5564 1523 5635 Prudéuni',
1554 5564 1644 5625 ubi
1666 5571 1775 5624 sci-

182 5637 313 5692 licet
336 5648 531 5690 sensus
551 5633 908 5700 desideratur,
948 5644 1040 5688 aut
1068 5635 1149 5690 lex
1185 5640 1363 5703 metri,
1390 5651 1443 5693 et
1472 5633 1773 5697 Latinitatis

181 5713 549 5787 noncoustat,
584 5706 726 5775 quod
754 5705 915 5788 simin
942 5705 1105 5760 modo
1131 5720 1252 5761 cum
1275 5708 1495 5788 optimis
1515 5710 1636 5765 aliis
1660 5710 1776 5765 edi—

184 5774 424 5830 ttontbus
472 5773 648 5831 facere
694 5774 929 5841 decrevt,
962 5790 1031 5832 ne
1058 5775 1178 5846 quis
1207 5789 1478 5834 variantes
1516 5780 1776 5836 lectiones

182 5860 309 5901 esse
336 5853 506 5914 putet.

256 5911 555 5982 (aj'llultos
572 5911 798 5980 hymnos
820 5914 1091 5973 l’rudentii
1121 5931 1364 5976 seorsum
1385 5934 1615 5979 excusas
1636 5936 1776 5979 nunc

1869 3330 2093 3384 Rninart
2123 3340 2248 3385 sunt
2278 3330 2462 3400 hymni
2493 3329 2737 3396 Eulaliae,
2766 3324 3033 3390 Cassiani,
3054 3326 3297 3400 Agnetis,
3322 3324 3460 3379 Lau-

1868 3400 2045 3467 rentii,
2083 3395 2385 3470 Hippolyii,
2424 3395 2729 3455 octodecim
2758 3409 3053 3470 martyrum
3107 3395 3461 3470 C'csarauguf

1868 3466 2463 3549 stannrttm:,'-Quirini._
2510 3470 2861 3549 Hymnusns.
2896 3466 3161 3549 :Diouysii
3212 3466 3459 3549 episcopi

1870 3542 2219 3597 Alexandrini
2252 3537 2305 3595 iu
2353 3537 2572 3597 eisdem'
2590 3541 2738 3596 Actis
2767 3537 3376 3594 Pmdentio'ascribitur
3406 3537 3459 3591 in

1870 3610 2050 3667 indice
2098 3611 2440 3668 bibliotheca:
2494 3611 2871 3667 Casanatensis
2921 3626 2933 3661 :
2986 3609 3081 3663 sed
3140 3608 3319 3663 nullus
3374 3616 3460 3662 est.

1871 3679 2104 3751 hymnus
2133 3680 2190 3736 8.
2217 3682 2452 3753 Dionysii
2478 3682 2529 3735 in
2559 3682 2796 3753 editione
2820 3678 3272 3753 V‘erguen‘sihqua
3315 3686 3460 3753 utor,

1870 3748 1995 3805 anni
2028 3753 2185 3808 l73l.
2218 3748 2405 3809 Exstat
2436 3753 2488 3808 in
2518 3753 2706 3807 iisdem
2746 3750 2893 3805 Artis
2931 3750 3114 3806 Passio
3144 3748 3363 3803 infantis
3394 3763 3460 3803 ex

1870 3820 2072 3892 hymno
2102 3823 2159 3879 8.
2196 3823 2445 3878 Romani.
2479 3823 2629 3891 Apud
2664 3821 3249 3892 Bolland'anosAexstat
3286 3818 3392 3873 vol.
3420 3818 3462 3873 ll

1870 3890 2072 3960 Aprilis
2102 3894 2333 3965 hymnus
2358 3890 2657 3965 octodecim
2684 3890 3462 3965 martytuntMCazsa‘t-augusta-

1869 3958 2086 4024 norum,
2131 3958 2240 4017 vol.
2295 3962 2315 4016 l
2368 3964 2541 4019 Martii
2592 3963 2690 4019 SS.
2726 3958 3018 4016 llerﬁeterii
3058 3968 3112 4014 et
3162 3958 3462 4026 Celedonii,

1868 4032 1981 4088 vol.
2014 4033 2057 4087 ll
2087 4034 2307 4101 Augusti
2337 4035 2393 4090 8.
2420 4033 2714 4098 Laurentii,
2746 4034 2853 4086 vol.
2879 4030 2942 4086 lll
2979 4028 3220 4098 ejusdem
3252 4032 3463 4101 mensis

1870 4101 1930 4157 S.
1960 4100 2225 4170 Cassiani,
2256 4113 2313 4158 ut
2339 4106 2442 4159 alia
2470 4119 2609 4158 nunc
2633 4105 3039 4171 praetermittam
3063 4116 3091 4154 a
3122 4100 3463 4171 continuato-

1871 4172 2023 4228 ribus
2077 4172 2315 4243 Bollandi
2364 4189 2433 4229 ex
2482 4173 2739 4243 operibus
2770 4173 3057 4243 Prudentii,
3093 4171 3309 4243 egregie
3340 4170 3465 4243 illu-

1870 4250 2059 4312 strata.
2093 4242 2276 4298 Passio
2301 4246 2358 4299 S.
2385 4239 2606 4299 Eulalia:
2632 4252 2809 4298 exstat
2837 4245 2889 4297 in
2923 4241 3231 4312 Hagiologio
3250 4239 3464 4312 Georgii

1878 4311 2080 4376 Vicelii.
2109 4312 2408 4386 Maguntiae,
2444 4314 2600 4370 15M.
2627 4315 2683 4370 S.
2708 4313 2961 4385 Cypriani
2989 4313 3042 4365 in
3063 4310 3176 4436 celius
3203 4310 3461 4383 aperibtts,

1878 4381 1969 4436 SS.
2004 4383 2291 4436 Hemeterii
2319 4394 2373 4436 et
2392 4386 2689 4436 Celedonii-
2720 4393 2776 4436 ct
2805 4385 2862 4436 S.
2889 4383 3057 4436 Leoet
3103 4383 3165 4435 ia!
3187 4384 3329 4436 apud
3354 4381 3461 4435 Su-

1872 4381 1969 4439 SS.
2004 4381 2291 4440 Hemeterii
2319 4394 2373 4440 et
2392 4381 2690 4450 Celedonii,
2720 4381 2776 4440 ct
2795 4381 2862 4441 8.
2889 4381 3165 4438 Leucadia:
3187 4381 3329 4449 apud
3354 4381 3463 4435 Su-

1870 4454 2024 4509 rium.
2061 4454 2116 4509 In
2146 4454 2279 4509 Vitis
2309 4454 2550 4523 Patrum,
2579 4455 2875 4513 collectore
2903 4452 3121 4523 Aloysio
3142 4450 3461 4523 Lipomano,

1874 4522 2183 4595 inseruntur
2230 4526 2413 4595 hymni
2459 4521 2559 4582 SS.
2609 4529 2977 4595 aposto'orum
3006 4521 3156 4595 Petri
3198 4532 3251 4577 et
3288 4522 3461 4595 Pauli.

1872 4592 2166 4666 Laurentii,
2212 4592 2453 4664 Agnetis,
2488 4592 2754 4651 Vincentii
2782 4638 2797 4663 ,
2838 4594 3113 4666 Cypriani,
3160 4594 3463 4666 octodecim

1871 4674 2062 4741 mart._,_
2085 4663 2339 4741 Romani,
2366 4663 2961 4741 Cassiani,l_li_ppolyti,
2996 4663 3465 4741 lt‘uuetuosi,_Qui-

1868 4733 2269 4859 aigi,':;ul_?lite,
2300 4736 2610 4792 llemeterii.
2633 4732 2973 4792 Aliiexsiant
2995 4732 3051 4791 la
3079 4732 3369 4805 Hymnario
3398 4733 3461 4788 V.

1955 4822 1985 4854 υ
2080 4821 2123 4859 st
2152 4846 2166 4859 .

1955 4819 2166 4860 ulnas".

1942 4874 2027 4997 (ὁὶ
2055 4873 2260 4957 Batalla
2288 4892 2318 4929 ο
2346 4878 2489 4945 pelea
2517 4877 2602 4932 del
2624 4879 2835 4959 anima:
2862 4889 2961 4944 que
2988 4890 3230 4958 compuso
3268 4892 3330 4928 en
3356 4890 3464 4929 rer-

1942 4962 1953 4997 l
2030 4960 2197 4997 annos
2230 4961 2249 4997 :
2279 4948 2326 4997 el
2383 4958 2529 4997 nacta
2576 4950 2786 4997 Aurelio
2836 4945 3131 4997 Prndencto
3161 4944 3464 4997 Clemente:

1869 4944 1962 4998 sos
1984 4944 2197 5000 Latinos
2230 4961 2249 4999 :
2279 4944 2353 5000 eli
2382 4958 2529 5009 porta
2576 4950 2786 5002 Aurelio
2836 4945 3131 5001 Prudeucio
3161 4944 3420 4999 Clemente
3447 4960 3464 4999 :

1871 5026 2203 5069 nneramente
2232 5018 2503 5071 traducida
2533 5023 2595 5072 de
2622 5017 2774 5071 Latin
2806 5033 2868 5072 en
2891 5017 3200 5073 Castellane.
3231 5014 3345 5070 Sub
3364 5016 3469 5072 hoc

1874 5085 2030 5156 titulo
2061 5095 2277 5141 notatur
2312 5102 2484 5142 anuus
2517 5089 2655 5144 1259
2700 5103 2796 5156 pro
2845 5102 2987 5142 anno
3018 5085 3155 5142 l559
3188 5085 3465 5153 editionis,

1874 5164 1933 5208 ut
1954 5154 2148 5210 Castro
2183 5158 2601 5213 ex'coniectura
2636 5154 2869 5213 videtur.
2902 5158 3083 5212 Dicata
3115 5166 3197 5210 est
3241 5158 3467 5212 Allonso

1874 5224 2169 5295 Manrique.
2221 5227 2334 5281 lilio
2371 5224 2578 5285 Carcim
2611 5230 2905 5296 Maurique,
2954 5227 3165 5282 comitis
3196 5226 3470 5293 Dosorno,

1876 5296 2122 5366 praesidis
2151 5296 2425 5353 ordinum.
2459 5298 2517 5355 Si
2547 5298 2737 5354 librum
2767 5300 2936 5353 oculis
2964 5300 3202 5353 lustrare.
3225 5312 3464 5365 possem,

1875 5364 2147 5434 conjicere
2189 5377 2451 5424 tentarem
2493 5385 2560 5423 an
2607 5369 2764 5423 aliter
2803 5370 3065 5424 ordinatis
3096 5364 3337 5424 numeris
3364 5382 3467 5421 an-

1877 5450 1979 5509 nus
2002 5437 2254 5492 editivnis
2275 5449 2420 5493 esset
2449 5438 2610 5495 1529.
2640 5438 2830 5495 Carcia
2857 5440 3370 5509 Mauriquetcomes
3400 5437 3468 5492 de

1876 5504 2333 5579 (isorno.7smculo
2361 5525 2450 5563 th
2482 5512 2699 5565 ineunte
2722 5509 2833 5579 jam
2872 5504 3120 5565 ﬂorebat.
3161 5508 3466 5579 Rodrigue-

1878 5575 1995 5630 sius
2021 5577 2208 5632 scribit
2230 5577 2487 5646 Dosorno,
2516 5590 2575 5635 ct
2591 5575 3057 5635 ntox'Hstartanet.

1952 5646 2449 5721 (c)__Absoluto‘hoe
2470 5662 2525 5704 et
2554 5650 2820 5721 superiori
2849 5652 3025 5721 capite
3050 5649 3120 5704 de
3146 5648 3464 5721 coddamss.

1881 5724 1935 5771 et
1963 5717 2286 5790 editionibus
2312 5717 2636 5785 Prudentii,'
2660 5717 3086 5790 quasdam'uunc
3120 5721 3263 5775 circa
3293 5717 3470 5775 diver-

1880 5799 1999 5841 sam
2043 5787 2482 5859 orthographiam
2526 5787 2795 5854 codicum,
2843 5798 2899 5844 et
2945 5790 3241 5846 editionum
3272 5804 3471 5857 conge-

1883 5870 2004 5938 ram
2024 5872 2366 5938 {quanquam
2395 5860 2646 5938 nonnihil
2665 5859 2937 5938 iam_dixl_,
2982 5876 3104 5938 cum
3146 5861 3215 5938 de
3245 5861 3471 5938 singulis

1882 5926 2165 5984 codicibus
2207 5926 2513 5987 sermonem
2561 5926 2744 5997 habui,
2790 5929 3019 6003 Marittti
3061 5931 3229 5989 codex
3278 5926 3478 5989 scribit
