4322 6434
767 431 868 486 6.39

2165 419 2616 480 PllUDENTIUS.

3941 423 4036 485 660

769 541 1075 597 Versionem
1109 539 1343 596 Italicam
1377 557 1475 595 ms.
1521 541 1639 594 libri
1674 538 2102 609 Peristcphanmn
2146 539 2344 594 Medio-
2374 544 2424 603 Α
2453 538 2582 594 dere
2627 538 2754 610 quid
2786 537 2886 594 viri
2919 538 3060 595 docti
3093 538 3196 596 hoc
3242 539 3464 606 sarculo,
3509 541 3754 612 proximo
3801 551 3854 597 et
3881 556 4032 614 supeo

767 637 872 689 lsui
905 634 1116 690 viderat
1141 634 1427 699 Ansaldus,
1478 634 1795 703 interprete,
1847 634 1921 689 uti
1953 634 2186 698 aiebam,
2229 631 2349 688 Sal-

764 729 928 784 \iniu.
965 729 1079 800 Ego
1103 728 1259 784 aliter
1285 727 1402 798 lego
1428 729 1567 798 apud
1598 728 1931 798 Argelatum,
1963 727 2247 782 Biblioteca
2271 727 2350 781 de’

765 822 1146 892 rolgarizaton’,
1199 830 1329 875 tom.
1387 821 1490 886 III,
1539 837 1656 890 pag.
1688 823 1815 891 502,
1869 822 1960 891 qui
2002 813 2346 889 interpretem

765 913 894 966 dicit
922 911 1150 965 Marcum
1177 909 1466 965 Antonium
1510 911 1793 979 Mozzium,
1842 911 2212 980 praefationem
2254 923 2348 964 au-

770 1014 872 1054 tem
901 1000 1160 1068 :tdjeeisse
1190 998 1508 1056 Salvinium.
1544 1001 1692 1056 Ilauc
1725 1004 2024 1058 versionem
2052 1015 2151 1055 ms.
2183 1014 2347 1070 penes

766 1109 823 1149 se
857 1094 1088 1150 habebat
1113 1096 1418 1166 Argelatns,
1467 1104 1520 1150 et
1567 1095 1728 1151 edere
1773 1094 2042 1165 cogitabat
2087 1094 2140 1146 in
2184 1092 2348 1148 colle-

762 1187 938 1243 ctione
968 1187 1472 1258 interpretatiouutn
1516 1199 1756 1241 veterum
1793 1186 2103 1241 Latinorum
2150 1185 2348 1240 carmi-

764 1295 917 1344 num;
948 1281 1041 1336 sed
1079 1291 1206 1350 puto
1230 1297 1352 1336 eum
1382 1295 1492 1334 rem
1523 1295 1628 1333 non
1661 1277 1968 1347 perfecisse.
1994 1274 2158 1332 Certe
2185 1277 2345 1333 Joan-

762 1386 857 1424 nes
887 1371 1125 1434 Lamins,
1168 1370 1346 1425 tom.l
1391 1371 1683 1424 Memorah.
1736 1368 1914 1421 ltalor.
1944 1369 2168 1434 erudit.,
2221 1383 2341 1438 pug.

765 1462 868 1514 tuo
914 1460 1043 1515 edit.
1079 1460 1315 1516 Floreat.
1357 1459 1508 1525 Πιε,
1559 1459 1738 1525 lapsus
1785 1469 1896 1524 est,
1946 1473 2068 1513 cum
2117 1460 2344 1514 asseruit

761 1569 880 1609 eam
909 1553 1207 1608 versionem
1236 1551 1422 1607 Mazzii
1455 1561 1572 1620 post
1620 1551 1775 1622 hujus
1813 1552 2022 1608 obitum
2061 1552 2339 1608 Mediolani

759 1645 953 1713 publici
978 1645 1114 1714 juris
1143 1643 1309 1699 fuisse
1351 1643 1567 1698 factam.
1624 1645 1664 1698 Ε
1694 1643 1971 1713 cujusdam
2002 1645 2163 1700 amici
2187 1643 2340 1700 sche-

757 1733 840 1787 dis
867 1748 995 1788 mss.
1043 1735 1157 1790 haec
1202 1749 1432 1805 excerpo
1466 1733 1581 1789 :La
1631 1737 1870 1806 passione
1912 1746 1959 1790 et
2003 1744 2160 1790 morte
2197 1735 2252 1788 di
2275 1734 2334 1790 S.

757 1825 1038 1894 Cass'ano,
1096 1839 1321 1898 martyre
1368 1844 1395 1883 e
1443 1843 1648 1881 vescovo
1700 1827 1958 1894 d‘lmola,
2015 1829 2239 1882 tradotta
2285 1830 2336 1880 in

2455 630 2586 686 riori
2618 628 3116 686 animadverterint.
3148 631 3343 703 Hymni
3373 647 3465 687 vut
3507 632 3612 687 cal.
3643 632 3859 688 Ianuar.
3887 648 4032 704 para-

2456 716 2676 794 phrasin
2727 722 2978 794 rhythmo
3025 722 3346 780 Germanico
3393 723 3739 789 elaboratam,
3796 733 3851 779 et
3895 739 4030 779 anno

2456 817 2592 871 1639
2620 817 2838 881 editam,
2873 817 3118 870 recensui
3160 830 3321 883 supra
3353 831 3500 871 num.
3544 814 3668 870 “6.
3711 815 4030 887 Psyehomao

2451 906 2625 962 chiam
2669 916 2882 962 exstare
2923 920 3026 960 ms.
3073 906 3336 962 redditam
3368 904 3553 961 Grmce
3595 906 3704 962 dixi
3751 923 3896 962 num.
3928 907 4027 970 91;

2453 999 2555 1052 nisi
2587 997 2723 1053 forte
2751 995 2869 1067 quis
2899 1012 2964 1052 es
2997 996 3114 1052 solo
3144 997 3299 1053 titulo
3327 995 3517 1054 Crteeo
3545 998 3842 1055 versionem
3873 998 4032 1055 totius

2450 1092 2628 1160 operis
2655 1089 2889 1160 collegit.

3064 1179 3296 1237 CAPUT
3335 1179 3422 1236 Vl.

2449 1268 2973 1342 Magdeburgensium
3017 1270 3338 1340 aliorumque
3378 1271 3442 1328 de
3484 1269 3759 1330 Prudstttt'i
3797 1274 4033 1329 doctrina

3099 1344 3384 1415 judicium.

2522 1453 2675 1525 101
2718 1453 2841 1510 122.
2870 1453 3040 1522 Quam
3069 1454 3233 1510 multa
3264 1455 3540 1526 religionis
3582 1465 3782 1513 nostra:
3825 1459 4024 1529 capita,

2444 1561 2601 1616 quam
2616 1546 2772 1602 docte
2786 1562 2848 1602 ac
2871 1561 3098 1602 nervoso
3117 1545 3439 1604 Prudentius
3453 1547 3776 1617 defenderit,
3797 1550 4034 1608 stabilie-

2445 1640 2534 1703 tit,
2567 1638 2990 1707 confirmaverit,
3022 1638 3067 1695 si
3097 1639 3466 1695 haereticorum
3505 1641 3680 1709 potius
3707 1655 3868 1712 quam
3899 1644 4034 1700 meis

2442 1743 2533 1787 aut
2551 1732 2774 1789 alterius
2794 1733 3048 1790 catholici
3069 1733 3248 1792 verbis
3269 1733 3599 1805 explicuere,
3621 1750 3802 1802 nemo,
3818 1737 4032 1807 Opinor,

2445 1827 2573 1881 mihi
2614 1826 2990 1892 succenschit,
3032 1827 3078 1881 si
3119 1834 3345 1891 attente,
3382 1841 3490 1896 quo
3533 1842 3636 1897 ego
3679 1829 4033 1898 respexeritn.

757 1930 922 1974 ottave
950 1924 1077 1975 rime
1099 1922 1183 1976 dai
1213 1922 1344 1976 versi
1373 1920 1520 1974 latini
1548 1921 1602 1974 di
1633 1919 1693 1977 S.
1723 1920 2034 1985 Prudenzio,
2073 1922 2126 1974 in
2149 1917 2338 1975 Ferra-
2375 1929 2418 1986 Β
2446 1917 2856 1972 animadvertat.
2898 1917 3240 1985 Propositum
3283 1918 3427 1973 enim
3461 1919 3590 1974 mihi
3628 1931 3709 1974 est
3747 1919 4039 1976 ostendere

758 2028 838 2074 ra,
874 2011 1033 2067 1585.
1089 2012 1356 2082 Interpres
1381 2012 1589 2068 videtur
1627 2026 1747 2067 esse
1789 2011 2005 2081 quidam
2037 2011 2340 2068 Ludovicus

759 2101 971 2171 Napoli,
1020 2104 1107 2174 qui
1159 2103 1410 2159 Musottio
1456 2102 1709 2173 episcopo
1763 2100 2014 2158 Imolensi
2062 2117 2196 2173 opus
2245 2102 2334 2159 de-

757 2195 925 2260 dicat,
956 2206 1010 2250 et
1043 2196 1247 2250 litteras
1277 2194 1342 2249 L.
1372 2194 1448 2250 Ν.
1492 2194 1647 2250 initio
1679 2195 2138 2266 interpretationis
2177 2210 2341 2267 appo-

755 2289 889 2339 suit.
917 2285 1116 2340 Eodem
1142 2295 1319 2341 autem
1373 2286 1600 2356 judicio,
1651 2302 1757 2358 quo
1787 2287 1846 2343 S.
1879 2285 2191 2343 Cassianum
2222 2290 2340 2360 epi-

756 2392 975 2447 scopum
1006 2379 1259 2449 appellat,
1310 2380 1657 2436 Prudentium
1702 2395 1916 2452 quoque
1962 2392 2208 2437 sanetum
2243 2399 2341 2438 no-

755 2469 943 2525 minat.
993 2469 1126 2526 Vide
1174 2487 1321 2526 num.
1372 2471 1442 2527 56
1486 2489 1500 2525 :
1539 2471 1676 2527 Inno
1715 2473 1770 2526 di
1812 2472 2022 2527 Aurelio
2052 2471 2344 2529 Prudenzio

755 2561 1030 2629 Clemente,
1061 2579 1211 2617 uomo
1237 2563 1521 2630 consolare,
1550 2582 1580 2617 a
1607 2564 1667 2619 S.
1689 2563 1936 2620 Cassiano
1966 2567 2192 2634 martire,
2211 2567 2345 2620 colla

754 2657 1016 2724 parafrasi
1047 2657 1100 2708 in
1124 2665 1290 2710 ottave
1308 2657 1434 2712 rimo
1455 2673 1481 2710 ε
1501 2658 1549 2712 le
1572 2658 1907 2712 annotasioni
1921 2659 2015 2712 ‘del
2033 2660 2135 2728 sig.
2165 2659 2345 2714 abbate

756 2744 1014 2817 Giuseppe
1052 2749 1279 2803 Antonio
1324 2749 1566 2802 cavalieri
1614 2749 1666 2801 di
1703 2747 1979 2804 Cantas/tio
2023 2751 2345 2806 accademico

758 2837 1057 2907 Argonauta
1080 2839 1136 2890 di
1165 2835 1414 2906 Ferrato,
1441 2856 1468 2893 e
1491 2840 1726 2907 pubblico
1756 2849 1971 2896 maestro
2005 2841 2058 2895 di
2084 2858 2338 2913 gramm-

756 2927 856 2982 tica
897 2928 949 2981 in
983 2926 1386 2999 Bagnacavallo.
1443 2930 1686 2998 Venezia,
1718 2932 1875 2999 1772,
1915 2949 2087 3003 presso
2127 2933 2341 2990 Bartolo

757 3015 1102 3072 Barurchelli.
1137 3019 1488 3086 Cavallerius,
1522 3022 1600 3075 vir
1628 3024 2027 3091 grammaticus,
2061 3033 2339 3082 atavnrum

756 3112 1163 3179 explicationem
1205 3113 1347 3168 circa
1393 3121 1551 3168 notas
1581 3113 1647 3167 ν.
1676 3115 1738 3169 C.
1775 3117 1960 3170 maluit
1988 3118 2163 3188 sequi,
2213 3119 2343 3175 Pru-

756 3201 1103 3271 dentiumque
1134 3204 1301 3257 virum
1333 3203 1670 3259 consularem
1700 3203 1901 3270 dicere,
1948 3221 2108 3276 quam
2142 3224 2341 3280 expen-

2449 2007 2632 2077 qnanti
2657 2007 2948 2063 auctoritas
2969 2006 3247 2064 Prudentii
3275 2009 3345 2063 sit
3375 2008 3614 2064 facienda
3644 2021 3832 2066 contra
3851 2026 4041 2067 recen-

2451 2107 2531 2155 tes
2561 2098 2868 2166 haereticos,
2917 2098 3161 2169 aliosque
3195 2098 3337 2156 male
3363 2099 3687 2168 catholicos,
3728 2101 3925 2170 quibus
3952 2102 4044 2159 ille

2449 2200 2636 2261 aperte
2661 2190 2889 2247 resistit.
2933 2189 2991 2246 Id
3018 2201 3198 2248 autem
3237 2205 3562 2263 consequar,
3592 2191 3639 2248 si
3679 2199 3875 2261 praeter
3911 2207 4044 2265 spe-

2449 2296 2643 2344 ctatam
2686 2285 2922 2342 hominis
2971 2285 3228 2357 pietatem
3270 2287 3651 2357 egregiamque
3692 2287 4043 2358 probitatem,

2449 2393 2789 2450 summopere
2814 2379 2882 2436 ab
2911 2378 3167 2435 omnibus
3204 2377 3660 2442 commendatam.
3693 2378 3850 2434 simul
3875 2380 4044 2436 etiam

2450 2473 2774 2541 constiterit,
2801 2487 2923 2530 eum
2959 2473 3230 2542 exquisito
3272 2471 3530 2529 doctrinae
3559 2481 3814 2542 apparatu
3847 2481 3901 2528 et
3929 2475 4046 2529 sin-

2448 2567 2615 2638 gulari
2655 2565 2856 2636 judicio
2893 2563 3244 2621 difficillimas
3291 2565 3574 2638 theologia
3613 2567 3942 2638 quaestiones
3989 2576 4048 2624 et

2449 2658 2767 2730 gravissima
2808 2671 3035 2729 quicque
3078 2655 3204 2713 fidei
3231 2656 3547 2714 Christiana:
3578 2657 3828 2729 dogmata
3857 2658 4046 2730 expla-

2451 2765 2630 2806 nasse.
2673 2751 2837 2820 Igitur
2869 2749 3265 2806 centuriatores
3302 2749 3790 2820 Magdeburgenses
3827 2759 4046 2806 centur.

2446 2843 2501 2908 4,
2531 2856 2653 2911 cap.
2687 2841 2786 2911 ω,
2817 2856 3140 2898 recensente
3172 2841 3450 2899 Ludovico
3476 2843 3664 2910 Lucio,
3691 2843 4048 2900 Prudentium

2446 2936 2667 2991 tradunt
2689 2935 2858 2990 fuisse
2885 2936 3246 3007 ingeniosum,
3279 2951 3521 3006 gravere,
3545 2939 3784 2995 moribus
3822 2954 4048 3010 compo-

2447 3029 2631 3096 situm,
2671 3027 2972 3083 litterarum
3014 3027 3071 3082 in
3104 3028 3464 3085 adolescentia
3497 3030 3818 3096 studiosum,
3851 3047 3917 3085 ex
3954 3031 4048 3086 IIi-

2446 3121 2632 3188 Spania
2653 3121 2875 3176 Romam
2899 3120 3197 3191 profectum
3223 3121 3287 3177 ad
3315 3126 3712 3179 venerationem
3742 3137 4046 3195 martyrum

2449 3212 2659 3269 (confer
2700 3229 2847 3268 num.
2893 3213 3007 3281 58),
3055 3214 3106 3267 in
3152 3213 3305 3268 libris
3348 3213 3606 3269 adversus
3654 3213 4044 3284 Symmat-husu

759 3357 990 3441 fier-astte
1035 3373 1128 3441 pro
1153 3368 1382 3441 cerastis,
1409 3358 1624 3439 conicio,
1653 3359 1840 3441 deicio,
1873 3362 2088 3441 proicio,
2120 3364 2336 3441 harena,
2367 3371 2413 3433 C
2445 3369 2535 3438 qui
2567 3379 2750 3438 putant
2779 3385 2839 3441 se
2866 3369 3302 3440 orthographiam
3332 3369 3559 3438 alicujus
3583 3371 3818 3425 auctoris
3852 3372 4038 3441 sequi,

760 3430 989 3503 frutecta,
1014 3431 1222 3503 uirecta,
1250 3429 1486 3503 Adlantt's
1514 3443 1610 3503 pro
1638 3431 1883 3503 Atlantis,
1907 3432 2030 3486 haut
2055 3449 2149 3502 pro
2174 3429 2338 3503 haud,

761 3499 985 3564 dispero,
1019 3501 1182 3566 ferres
1213 3514 1310 3568 pro
1339 3501 1525 3569 fervor,
1557 3499 1735 3553 clodus
1766 3515 1862 3566 pro
1886 3499 2126 3558 claudus.
2171 3499 2341 3562 Aldus

761 3569 946 3640 scribit
995 3570 1286 3629 obmutisce.
1331 3568 1591 3634 deminuo,
1638 3568 1926 3640 holuscula.
1984 3572 2105 3627 Vat.
2135 3574 2199 3640 Α,
2247 3578 2340 3631 ob-

760 3639 993 3716 περιέδει,
1024 3640 1207 3716 pelice,
1253 3641 1396 3694 milia
1428 3653 1527 3716 pro
1549 3638 1744 3703 millia,
1795 3641 2044 3716 disuesco,
2087 3638 2340 3716 subfodit,

763 3708 958 3786 obicio,
998 3710 1213 3763 asscitnr
1250 3725 1349 3786 pro
1385 3710 1633 3786 adscitur,
1659 3711 1895 3786 vagantis
1936 3729 2032 3779 pro
2079 3708 2337 3786 vagantes,

761 3778 846 3855 alii
875 3779 1069 3855 habent
1096 3778 1678 3855 vaganteis.‘Weitzius,
1707 3778 1890 3850 pelice,
1911 3778 2100 3855 tunica,
2130 3778 2340 3855 gamus,

760 3848 992 3916 inrepsit,
1025 3854 1227 3920 atquin,
1278 3850 1473 3911 saltim,
1500 3848 1735 3914 veridico,
1777 3867 1867 3904 ora
1895 3868 1989 3920 pro
2017 3848 2162 3908 hora.
2199 3848 2340 3913 rebus

756 3933 854 3997 pro
885 3934 1087 3997 ..τίτθαι
1121 3920 1390 3976 Puteanus
1419 3921 1608 3981 codex,
1649 3920 1892 3988 dispuite,
1931 3924 2196 3997 solporeus
2241 3942 2339 3997 pro

758 3987 1086 4061 sulphureas,
1135 4001 1302 4046 certes:
1329 4006 1436 4044 non
1464 4000 1658 4052 vortex,
1692 3987 2067 4061 marsuppium,
2099 3987 2338 4051 Solomo-

760 4058 1085 4128 nja.7Codev
1130 4061 1544 4125 Alexandrinus,
1601 4058 1948 4128 ferrugeneus,
2001 4058 2179 4120 totit'ns
2217 4083 2337 4122 cum

761 4125 982 4200 llarietti
1009 4129 1215 4194 codice,
1237 4131 1469 4200 neglegat
1492 4125 1610 4183 cum
1638 4125 1849 4194 eodem,
1882 4125 1981 4186 luis
2012 4135 2065 4188 in
2097 4138 2343 4194 nomina-

760 4197 889 4270 tivo,
916 4198 1128 4266 fasesse,
1160 4197 1319 4253 nichil
1345 4197 1401 4254 et
1429 4199 1603 4264 michi,
1633 4211 1840 4266 tempto.
1871 4201 2194 4270 Notandum,
2240 4223 2340 4262 ste-

762 4267 883 4320 culo
910 4283 1022 4330 vm.
1067 4283 1119 4323 tv
1149 4278 1206 4324 et
1233 4285 1268 4323 ι
1311 4271 1576 4338 praecipue
1622 4270 1851 4338 viguisse
1902 4272 2038 4328 hanc
2065 4267 2338 4333 scribendi

759 4338 1018 4414 rationem
1051 4349 1257 4414 tentpto,
1302 4340 1583 4414 con-depno,
1627 4350 1680 4392 ct
1712 4341 1928 4414 similia.
1963 4344 2342 4414 Egmondanus

760 4407 972 4487 codex,“
995 4407 1341 4487 postlimineo,
1368 4407 1693 4487 distractum,
1727 4411 1916 4487 futtile,
1942 4407 2176 4487 etebirtur,
2208 4415 2342 4487 ligu-

759 4479 910 4556 tnirte.
937 4478 1219 4548 Pragensis
1235 4479 1424 4556 codex,
1449 4482 1704 4556 dispar-so,
1729 4478 2334 4556 Itiipro-higdispo'iare,

761 4547 883 4619 assit
908 4547 1119 4616 semper
1149 4564 1244 4619 pro
1264 4551 1421 4617 adsit,
1448 4560 1500 4604 et
1521 4551 1644 4602 haut
1675 4565 1774 4618 pro
1800 4547 1958 4606 haud.
1988 4547 2341 4613 RatiSbonen;

762 4617 854 4694 sis,
883 4617 1163 4694 disparsa,
1181 4621 1396 4685 conicio,
1429 4617 1858 4694 deicio,proic_io_,
1889 4624 2101 4694 harena,
2130 4629 2336 4694 virecta,

762 4687 999 4761 frutecta,
1026 4689 1214 4761 nothus
1232 4705 1328 4758 pro
1353 4699 1522 4754 notus,
1547 4687 1740 4758 quiest
1769 4690 2002 4761 Africus,
2033 4687 2126 4750 seu
2149 4687 2338 4755 ventus

762 4750 1160 4829 ineridgionalis;
1196 4750 1482 4823 holuscula,
1511 4750 1726 4824 ’cl'odus,
1749 4765 1961 4828 coaqola
1982 4750 2001 4828 ,’
2040 4750 2335 4829 conubium:
2365 4750 2418 4810 D

760 4826 1025 4904 lleiusiani
1051 4844 1238 4904 omnes
1260 4840 1349 4884 :tut
1379 4831 1637 4900 plurique,
1656 4826 1949 4899 Abessalon,
1971 4826 2335 4904 atquin,setius

762 4910 856 4962 pro
874 4898 1056 4970 secius,
1075 4901 1317 4952 crumina
1340 4917 1437 4967 pro
1453 4898 1723 4963 erumeua‘,
1745 4898 2009 4970 uerticibus
2030 4898 2123 4970 pro
2138 4898 2337 4962 uertici.

763 4970 874 5018 bus.
897 4968 1227 5045 Viennensis,
1254 4973 1468 5045 conicio,
1498 4972 1732 5045 frutecta.
1749 4969 1973 5042 Widm.,
1996 4968 2192 5045 atquin,
2211 4979 2335 5034 hora

764 5051 859 5101 pro
882 5038 1316 5117 oralfraglatgpro
1332 5038 1550 5117 fragrat,
1571 5040 1838 5117 alituspro
1852 5038 2221 5110 Ita/itus,'sevus
2239 5065 2336 5117 pro

760 5121 937 5189 savus.
969 5108 1382 5189 Bongarsiauus,
1399 5108 1602 5189 atquin,
1620 5108 2058 5189 sultim,_ﬂagrat,
2077 5129 2127 5171 et
2146 5108 2335 5189 [molat

763 5177 1132 5252 pro_fragr_at._
1154 5179 1276 5252 Ilaic
1316 5177 1523 5247 aliaque
1555 5182 1635 5234 his
1665 5197 1768 5234 neu
1799 5177 2103 5252 dissimilia,
2146 5177 2207 5243 'iu
2228 5177 2330 5243 Ve-

763 5248 916 5326 tt‘tstis
945 5248 1216 5303 codiczbus
1260 5250 1532 5326 Prudentii
1561 5267 1667 5326 non
1711 5254 1886 5310 minus
1928 5248 2100 5323 quam
2130 5258 2183 5312 in
2213 5261 2332 5315 aliis

761 5315 1250 5393 alioru_m__veterum
1277 5323 1474 5390 passim
1497 5323 1855 5390 reperiuntur,
1881 5315 2073 5393 partim
2097 5345 2160 5381 ex
2184 5339 2332 5385 certa

761 5393 816 5437 et
841 5388 1078 5443 stabilita
1109 5388 1374 5445 scribendi
1416 5388 1624 5447 ratione
1655 5400 1747 5446 aut
1782 5388 1966 5450 strcttli
2003 5408 2096 5452 aut
2124 5402 2333 5456 exscri-

765 5460 1187 5540 pto‘ris‘hpartim
1218 5475 1281 5540 es
1313 5462 1629 5540 negligentia
1658 5470 1750 5540 aut
1775 5480 1976 5540 errore.
2025 5467 2203 5524 Videri
2237 5485 2333 5540 po-

765 5533 866 5577 test
895 5526 1131 5605 Gifanius
1161 5530 1224 5605 i_r_t_
1257 5526 1434 5605 indice
1463 5531 1724 5605 Lucretii,
1769 5535 1859 5603 qui
1891 5538 2038 5605 plura
2071 5526 2329 5597 vocabitla

763 5607 826 5668 ex
858 5597 1123 5653 veteribus
1171 5600 1322 5656 libris
1369 5603 1421 5655 in
1463 5601 1750 5657 Prudentia
1786 5597 1958 5663 voluit
2007 5613 2328 5668 restituere:

765 5663 880 5731 lege
914 5670 1075 5748 verba
1103 5671 1333 5748 pignera,
1364 5673 1684 5748 priestringo,
1713 5676 1931 5748 suboles.
1971 5679 2164 5748 tinguo,
2206 5663 2330 5745 prii;

765 5748 865 5819 ting
893 5738 1386 5819 confwes,;vot_nsra',
1418 5755 1573 5811 pagg.
1603 5738 1729 5819 inihi
1759 5747 1883 5819 378,
1906 5738 2174 5815 382,112,
2197 5738 2328 5819 U9,

766 5801 888 5864 «158,
920 5804 1045 5869 tto.
1073 5801 1201 5864 iis.
1234 5808 1290 5863 In
1321 5801 1723 5871 con-trn'e‘ntariis
1745 5817 1848 5872 alia
1872 5801 1992 5872 'rids
2017 5801 2327 5876 ὸδέὲἒνξιίιῖἰ

770 5879 1118 5934 muszsolum
1146 5893 1285 5935 nunc
1327 5881 1769 5950 animadvertam,
1820 5896 1930 5946 toto
1976 5891 2113 5947 cutio
2143 5906 2324 5949 errare

2446 3441 2489 3496 si
2520 3441 2714 3512 vetusti
2742 3439 2968 3504 codicis,
2991 3439 3203 3496 duobus
3225 3450 3316 3494 aut
3345 3441 3589 3506 pluribus
3616 3450 3736 3512 post
3755 3439 4038 3496 auctorem

2447 3511 2658 3564 sacculis
2685 3513 2916 3574 exarati,
2950 3513 3108 3564 verba
3138 3519 3190 3566 et
3223 3513 3402 3580 apices
3431 3511 3625 3566 omnes
3666 3513 3987 3566 aemulentur
4013 3530 4030 3567 :

2450 3581 2579 3634 nihil
2611 3583 2754 3653 enim
2787 3590 2913 3653 tunc
2943 3593 3141 3653 agunt,
3184 3581 3284 3636 nisi
3330 3590 3389 3636 ut
3417 3582 3652 3651 imperiti
3687 3581 3913 3652 alicujus
3945 3598 4042 3637 ex-

2446 3652 2728 3718 scriptoris
2746 3651 2958 3723 menda,
2975 3651 3086 3715 aut,
3101 3652 3146 3706 si
3171 3653 3270 3720 vis,
3286 3653 3720 3723 orthographiam
3743 3667 3809 3707 eo
3829 3651 4041 3708 saecqu

2448 3723 2697 3775 usitatam
2733 3722 2888 3776 nobis
2919 3723 3226 3778 exhibeant.
3273 3722 3464 3778 Inutile
3488 3731 3663 3778 tamen
3694 3739 3801 3777 non
3828 3733 3909 3777 est
3941 3739 4040 3778 va-

2445 3797 2553 3846 r;as
2586 3791 2888 3860 hujusmodi
2935 3795 3230 3860 scripturas
3270 3794 3556 3859 adnotare;
3610 3809 3732 3848 nam
3775 3809 3924 3861 stupe
3976 3796 4035 3850 in

2446 3863 2578 3917 locis
2608 3863 2849 3918 obscuris
2883 3878 2948 3918 ex
2980 3865 3138 3918 unius
3174 3864 3424 3919 litterulae
3467 3865 3759 3920 mutatione
3794 3879 3919 3918 vera
3950 3869 4036 3921 le-

2443 3935 2550 3989 ctio
2579 3934 2808 4006 eruitur.
2855 3933 2966 4002 Qua
2987 3937 3046 4006 in
3083 3950 3142 3989 re
3181 3949 3293 4006 ego,
3319 3949 3492 4005 neque
3542 3946 3650 3990 tam
3689 3935 3760 3990 fui
3801 3935 4035 4006 diligens

2444 4019 2600 4072 quam
2631 4005 2804 4075 solent
2835 4019 2956 4075 esse
2986 4005 3252 4075 laboriosa
3287 4005 3602 4060 Batavorum
3637 4006 3871 4075 ingenia,
3905 4005 4034 4062 nam

2446 4074 2754 4127 nonnullam
2783 4074 3058 4142 judicandi
3097 4084 3153 4129 et
3190 4075 3451 4144 seligendi
3479 4074 3749 4131 licentiam
3781 4078 3910 4130 mihi
3941 4093 4036 4131 ar-

2443 4146 2650 4216 rogavi,
2701 4160 2873 4216 neque
2903 4153 3009 4198 tam
3041 4160 3230 4216 parcus
3262 4162 3420 4216 quam
3465 4147 3615 4201 multi
3657 4147 3883 4201 fortasse
3914 4149 4033 4204 vel-

2446 4215 2576 4280 Ient,
2623 4217 2711 4280 qui
2744 4215 3112 4283 hujuscemodi
3155 4215 3332 4271 rerum
3363 4217 3523 4272 ttrdio
3570 4217 3862 4272 incredibili
3908 4218 4036 4272 affi-

2447 4286 2710 4357 ciuntur,
2739 4285 2997 4354 Equidem
3039 4286 3227 4357 sedulo
3253 4287 3375 4341 dedi
3409 4303 3652 4357 operam,
3700 4303 3766 4341 ne
3803 4289 3927 4357 quid
3961 4305 4034 4344 ex

2445 4354 2528 4407 his
2553 4370 2670 4422 qum
2700 4356 2752 4409 in
2785 4357 2884 4410 hoc
2913 4371 3108 4422 genere
3143 4355 3375 4412 Joannes
3402 4354 3676 4412 hlariettus
3718 4358 3771 4412 in
3809 4354 3904 4412 sua
3929 4360 4033 4414 ad-

2444 4425 2679 4496 versaria
2708 4427 3033 4494 eunjecerat,
3066 4436 3119 4480 et
3147 4427 3366 4482 editioni
3393 4427 3604 4483 Aldina:
3631 4427 3698 4482 ad
3726 4427 4032 4496 marginem

2443 4495 2790 4564 ascripserat,
2835 4497 2887 4550 in
2937 4512 3054 4550 mea
3085 4496 3320 4552 editione
3349 4498 3776 4564 desideraretur,
3828 4495 3928 4554 nisi
3976 4501 4030 4556 si

2443 4567 2656 4630 quando
2685 4569 2999 4621 varietatem
3045 4566 3291 4621 lectionis
3335 4579 3523 4635 aperte
3570 4583 4027 4636 supervacaneam

2443 4635 2733 4689 arbitratus
2763 4651 2902 4690 sum.
2955 4636 3254 4690 Editionem
3292 4647 3469 4692 autem
3494 4635 3763 4702 Aldinam,
3791 4639 4030 4698 Marietti

2446 4708 2586 4778 notis
2617 4720 2746 4760 mss.
2778 4707 3115 4778 "lustratam,
3165 4717 3224 4762 ut
3266 4709 3368 4762 hoc
3392 4711 3556 4763 semel
3588 4709 3783 4773 dicant,
3815 4710 4029 4778 primus

2443 4776 2572 4828 mihi
2598 4778 2849 4831 indicavit
2886 4778 2954 4832 cl.
2985 4777 3302 4833 Laurentius
3333 4778 3554 4847 Hervas,
3583 4780 3734 4849 copia
3759 4776 4027 4837 eia-arie-

2443 4854 2552 4899 tate
2581 4849 2899 4913 scriptorum
2931 4849 3060 4902 satis
3087 4849 3194 4912 jam
3245 4858 3420 4913 notus,
3469 4851 3858 4904 mathematicis
3889 4867 4027 4906 vero

2442 4916 2631 4969 studiis
2660 4917 2924 4985 itnprimis
2951 4918 3216 4982 excultus,
3264 4919 3351 4983 qui
3391 4920 3516 4972 dum
3557 4921 3715 4974 codd.
3748 4935 3875 4974 mss.
3906 4924 4025 4977 col-

2440 4987 2564 5059 Iegii
2597 4986 2821 5059 Romani
2866 4997 3159 5059 excuteret,
3193 4990 3244 5042 in
3291 4990 3453 5053 hanc,
3497 5005 3655 5059 quant
3705 4991 3837 5057 dixi,
3890 4994 4024 5049 ΛΜΞ

2438 5057 2733 5129 editionem
2781 5057 2984 5121 incidit,
3037 5073 3116 5129 ex,
3144 5072 3247 5122 qua
3294 5057 3669 5129 cogitationem
3717 5062 4023 5119 illustrandi

2439 5126 2712 5199 Prudentii
2741 5129 2972 5197 suscepi.
3007 5127 3248 5199 Addebat
3277 5126 3416 5183 idein
3447 5130 3666 5196 Ilervas,
3689 5146 3748 5185 se
3772 5133 4021 5199 ejusdem

2441 5197 2670 5252 Marietti
2721 5199 2963 5266 quaedam
3009 5198 3378 5254 mathematica
3427 5202 3620 5269 scripta
3670 5197 3816 5257 interi
3851 5205 4016 5259 codd.

2441 5282 2570 5339 mss.
2597 5269 2884 5336 aliquando
2916 5269 3135 5325 vidisse.
3164 5269 3344 5339 Neque
3367 5271 3507 5325 aliud
3531 5271 3659 5326 mihi
3684 5273 3751 5326 de
3772 5273 4022 5330 Marietto

2439 5338 2579 5394 scire
2607 5339 2851 5408 contigit,
2894 5339 2996 5394 nisi
3026 5339 3165 5408 quod
3195 5338 3270 5394 cl.
3298 5341 3444 5395 Vitus
3473 5341 3542 5397 Μ.
3574 5341 3891 5398 Giovenaui
3935 5346 4022 5399 Io-

2440 5422 2561 5463 cum
2591 5409 2845 5464 indicavit
2879 5409 2931 5463 in
2967 5410 3186 5464 historia
3220 5425 3332 5466 suc.
3364 5411 3488 5466 Jesu
3514 5427 3543 5465 a
3573 5413 3835 5469 Juvencio
3867 5413 4017 5470 edita

2440 5477 2530 5550 lib.
2564 5495 2692 5544 xvu,
2723 5497 2870 5534 unm.
2903 5479 2970 5535 56
2999 5488 3054 5534 et
3082 5494 3258 5550 seqq.,
3305 5482 3392 5536 ubi
3435 5494 3682 5538 narratur
3723 5486 4017 5540 Antonium

2439 5548 2743 5624 Mariettum
2773 5553 3070 5605 Romanum
3095 5621 3106 5624 _
3118 5548 3183 5624 ea
3197 5548 3438 5622 quadam
3469 5568 3619 5608 sacra
3647 5555 4014 5624 expeditione,

2437 5618 2505 5693 ad
2554 5636 2712 5693 quam
2756 5636 2857 5676 una
2888 5637 3010 5693 cum
3060 5621 3166 5676 alio
3213 5618 3360 5678 socio
3406 5638 3435 5677 a
3475 5618 3732 5693 pontifice
3770 5624 3935 5680 Paulo
3970 5618 4014 5680 ν

2435 5690 2608 5745 fuerat
2633 5691 2931 5761 delegatus,
2977 5691 3200 5748 Romam
3232 5695 3452 5750 rediisse
3477 5690 3620 5748 anno
3653 5695 3807 5751 I6I6.
3862 5697 4015 5753 Ilunc

2431 5775 2553 5815 esse
2598 5772 2838 5817 nostrum
2869 5763 3132 5820 Joannem
3179 5763 3468 5820 Antonium
3499 5765 3797 5823 Mariettum
3842 5767 4014 5824 liben-

2429 5831 2634 5888 tissime
2660 5833 2900 5890 credam.
