4322 6404
186 404 280 459 661

1566 393 1936 451 PROLEGOM
1947 394 2099 451 ENA.

3400 406 3505 463 662

188 516 493 572 doctrinam
555 531 710 571 suam
767 516 982 584 vimque
1042 510 1241 583 ingenii
1300 526 1404 567 non
1464 510 1790 566 mediorrcm
1821 508 1869 567 Δ
1900 526 2063 578 gnare
2091 508 2227 565 Deo.
2262 510 2485 567 Videtur
2534 518 2589 566 et
2628 520 2966 581 postremum
3012 514 3129 583 ejus
3170 517 3350 587 Operis
3380 534 3502 573 car-

188 608 505 664 ostendere.
543 608 618 663 De
644 608 763 674 ejus
791 622 919 663 vero
960 606 1204 660 doctrina
1244 605 1359 659 haec
1388 604 1499 658 fere
1531 604 1697 665 aiunt,
1727 602 1795 658 de

189 714 291 754 una
324 699 510 754 divina
544 710 597 754 et
625 708 826 754 :cterna
851 698 1107 763 essentia,
1130 697 1376 752 distincta
1410 696 1579 750 tribus
1612 710 1795 763 peiso-

189 791 292 854 nis,
336 801 491 847 recte
536 793 796 857 sensisse,
839 792 978 847 sicut
1019 792 1069 844 in
1118 792 1267 845 initio
1314 789 1499 861 Psychr
1526 788 1791 842 machiac:

190 880 361 935 Unum
418 898 646 950 namque
700 881 863 935 Deum
916 881 1131 935 colimus
1181 883 1244 933 de
1299 881 1502 934 nomine
1548 880 1707 944 trino,
1742 886 1797 931 et

188 972 391 1044 hymno
435 978 581 1027 Ante
629 986 878 1027 somnum
910 988 1052 1027 vers.
1094 971 1143 1035 1,
1178 971 1311 1025 Ades
1341 970 1497 1023 Pater
1536 983 1791 1039 supreme.

190 1064 266 1120 De
304 1064 529 1119 Christo
571 1067 699 1120 item
735 1065 1033 1133 llumartig.
1087 1078 1228 1118 vers.
1263 1063 1353 1129 5|,
1387 1059 1584 1114 Forma
1620 1058 1797 1113 Patris

187 1158 291 1212 veri
314 1174 466 1211 verus
494 1167 601 1212 stat
631 1156 824 1212 Filius.
862 1158 934 1212 De
965 1155 1337 1210 incarnatione
1375 1154 1577 1209 Christi
1606 1154 1792 1222 hymn.

188 1250 328 1302 Ante
360 1248 548 1303 cibum
580 1263 724 1303 vers.
757 1246 883 1313 136,
918 1245 1052 1300 Ecce
1079 1247 1215 1299 venit
1249 1260 1382 1298 nova
1405 1243 1701 1313 progenies;
1741 1251 1798 1297 et

188 1356 376 1395 rursus
403 1340 459 1395 in
488 1342 681 1412 hymn.
710 1340 867 1395 Omni
899 1339 1051 1405 hora,
1076 1337 1243 1393 Corde
1269 1346 1418 1391 natus
1437 1354 1500 1391 ex
1522 1336 1795 1399 Parentis;

188 1438 242 1485 et
272 1430 466 1499 hymn.
493 1446 588 1486 vttt
617 1433 720 1486 cal.
754 1430 875 1486 Jan.
911 1446 927 1487 :
955 1430 1194 1499 Stragem
1220 1430 1309 1483 sed
1334 1429 1489 1481 istam
1518 1443 1620 1481 non
1652 1427 1791 1480 tulit.

256 1520 384 1576 ηδ.
422 1521 502 1577 De
520 1522 798 1577 creatione
830 1522 883 1576 in
906 1521 1031 1578 eod.
1058 1520 1243 1590 hymn.
1268 1536 1415 1574 vers.
1444 1519 1539 1583 ἓξ,
1570 1517 1791 1583 Caelum,

186 1614 442 1685 diemque,
475 1627 526 1671 et
576 1626 779 1671 ca’tcra.
812 1616 979 1670 Deum
1020 1630 1124 1669 non
1176 1628 1298 1669 esse
1344 1620 1619 1667 auctorem
1665 1610 1793 1665 mali

187 1706 484 1779 llaniartig.
511 1722 655 1763 vers.
691 1708 816 1773 159,
852 1706 1097 1761 Inventor
1133 1707 1246 1761 vitii
1274 1721 1377 1758 non
1411 1716 1483 1759 est
1519 1704 1677 1758 Deus.
1715 1704 1793 1758 De

185 1811 362 1851 rerum
390 1808 707 1853 creatamm
737 1798 1110 1867 corruptione,
1144 1808 1200 1853 et
1231 1796 1452 1852 interitu
1484 1795 1614 1850 ibid.
1643 1810 1787 1850 vers.

1905 617 2028 654 men
2078 602 2374 657 instituisse
2418 612 2637 671 preptrr
2684 617 2780 656 eos
2835 605 3050 672 proprie
3101 607 3189 673 qui
3243 619 3504 677 negarunt

1902 693 2145 759 corporis
2182 694 2659 756 resurrectionem,
2694 694 2745 747 in
2790 710 2895 761 quo
2924 695 3149 763 pulchre
3175 696 3252 749 ait
3284 716 3297 748 ί
3332 697 3506 749 Nosco

1900 801 2068 838 meum
2101 785 2154 838 in
2187 784 2389 838 Christo
2420 800 2606 855 corpus
2636 800 2966 855 consurgere.
3006 786 3260 840 Confutat
3291 788 3504 855 prolixo

1903 876 1991 931 libv
2014 877 2108 942 llo,
2161 876 2591 945 llamartigenia,
2624 876 2908 930 Marcionis
2938 879 3191 931 hznresin.
3222 879 3505 935 Postremo

1902 984 2024 1024 cum
2082 968 2408 1040 Symmacho
2448 970 2824 1037 congreditur,
2877 970 3131 1027 refellens
3162 989 3353 1031 omnes
3384 973 3505 1042 ejus

1901 1064 2137 1118 rationes
2168 1063 2362 1133 quibus
2399 1064 2729 1133 persuadere
2775 1064 3076 1132 priscorum
3112 1065 3313 1119 rituum
3343 1066 3504 1121 resti-

1868 1180 1874 1185 -
1900 1154 2159 1209 tutioneui
2192 1166 2420 1210 conatus
2448 1167 2586 1211 erat.

1974 1247 2095 1303 t26.
2136 1247 2343 1304 Passim
2390 1250 2553 1306 etiam
2586 1250 2985 1307 centuriatores
3027 1250 3333 1307 doctrinam
3370 1251 3504 1307 Pru-

1900 1339 2071 1394 dentii
2113 1340 2356 1407 laudant,
2392 1355 2514 1397 eum
2552 1350 2904 1398 recensentes
2942 1344 3084 1398 inter
3124 1352 3425 1415 pra’slan'es
3455 1351 3503 1396 et

1898 1432 2123 1485 illustre;
2152 1432 2409 1501 doctores,
2456 1449 2521 1487 ea:
2551 1434 2734 1503 quibus
2760 1434 3109 1503 potissimum,
3156 1449 3269 1503 quia
3309 1434 3501 1486 doctri-

1898 1540 1976 1577 nr
2002 1524 2169 1593 forma
2197 1526 2387 1579 sarculo
2416 1540 2467 1578 tv
2499 1525 2695 1578 usitata
2721 1525 2895 1593 fuerit,
2920 1525 3209 1595 colligitur.
3237 1525 3347 1591 Sic,
3376 1539 3498 1592 cap.

1896 1616 1954 1680 ι,
1985 1616 2149 1671 Deum
2174 1631 2296 1671 esse
2327 1617 2526 1686 ubique
2550 1615 2873 1671 Prudentius
2905 1616 3144 1686 tradidit,
3183 1618 3405 1685 Apoth.,
3436 1618 3502 1669 At

1900 1708 2037 1763 Deus
2076 1709 2277 1779 ingens,
2325 1719 2478 1779 atque
2524 1710 2854 1780 superfusus.
2890 1709 2947 1763 In
2991 1724 3094 1763 una
3143 1710 3376 1764 essentia
3418 1709 3504 1763 di-

1898 1800 2021 1853 vina
2073 1808 2184 1853 tres
2248 1803 2483 1854 existere
2534 1815 2836 1869 personas,
2895 1800 3193 1868 Apotheos.
3252 1799 3500 1869 prcefat.,

185 1886 311 1955 504,
348 1887 495 1942 Nam
534 1904 751 1955 vanum,
785 1890 1038 1959 quidquid
1071 1889 1149 1943 sol
1175 1890 1382 1957 aspicit,
1422 1896 1529 1944 etc.
1574 1887 1651 1943 De
1687 1900 1786 1941 ιη·
1822 1868 1872 1929 Β
1900 1891 1990 1945 Est
2022 1894 2123 1944 tria
2149 1908 2350 1945 summa
2384 1868 2549 1946 Deus.
2577 1892 2645 1945 Et
2690 1892 2744 1945 in
2776 1892 2890 1961 ipsa
2938 1891 3144 1959 Apoth.
3192 1906 3334 1945 vers.
3370 1890 3502 1958 258,

182 1979 313 2049 gelis
358 1980 502 2035 bene
532 1980 706 2050 inquit
736 1980 986 2035 conditos
1015 1994 1111 2036 eos
1138 1994 1260 2035 esse
1292 1994 1489 2048 magno
1536 1992 1786 2045 numero,

182 2079 238 2125 et
258 2086 289 2126 a
322 2072 433 2127 Deo
460 2073 518 2127 in
544 2086 676 2127 suos
704 2088 835 2127 usus
863 2073 1068 2127 servari
1101 2073 1191 2126 lib.
1227 2088 1263 2125 ιι
1294 2072 1418 2128 adv.
1461 2072 1609 2142 Sym.
1639 2084 1785 2125 vers.

181 2162 305 2219 255.
338 2162 515 2219 Vocat
556 2165 727 2219 aerios
766 2165 1031 2218 ministros
1059 2164 1355 2233 Hatnartig.
1389 2178 1532 2218 vers.
1568 2162 1695 2226 166,
1734 2170 1787 2217 et

182 2269 246 2310 es
277 2270 471 2311 eorum
506 2270 738 2311 numero
768 2264 825 2310 et
852 2256 1043 2310 ordine
1085 2254 1357 2327 diabolum
1397 2254 1612 2324 propria
1641 2253 1788 2309 exci-

184 2346 331 2402 disse
351 2346 651 2417 petulantia
694 2347 901 2415 prolixe
928 2344 1108 2403 docet.
1145 2346 1219 2401 De
1250 2346 1469 2399 homine
1506 2346 1784 2414 perfectis-

180 2437 316 2492 sime
353 2436 604 2504 condito,
651 2445 707 2493 et
748 2438 817 2493 de
864 2438 1017 2506 lapsu
1048 2437 1164 2506 ejus
1202 2452 1267 2492 ac
1309 2436 1651 2491 restitutione
1692 2451 1788 2505 per

180 2525 456 2582 Christum
491 2537 643 2581 recte
684 2527 857 2582 sensit
900 2537 1011 2582 tum
1050 2526 1199 2593 alibi,
1244 2535 1354 2581 tum
1389 2526 1485 2581 lib.
1520 2541 1556 2581 it
1596 2536 1785 2581 eontra

188 2620 343 2692 102
371 2620 532 2692 Sym.
580 2634 724 2674 vers.
771 2617 895 2675 260.
928 2628 985 2674 et
1017 2634 1169 2689 seqq.
1221 2630 1275 2674 et
1306 2620 1602 2688 llamartig.
1636 2632 1783 2672 vers.

183 2711 307 2777 665,
337 2711 472 2765 Labi
517 2711 764 2776 hominis,
794 2727 997 2765 servare
1029 2710 1125 2764 Dei
1155 2722 1251 2765 est.
1296 2710 1483 2764 Eidem
1517 2709 1782 2778 integram

184 2800 373 2869 fuisse,
416 2811 475 2857 et
508 2812 717 2857 rectam
751 2811 1074 2869 potestatem
1100 2801 1393 2856 voluntatis
1424 2812 1550 2854 ante
1578 2801 1783 2869 lapsum

180 2893 552 2963 prolixissime
579 2902 762 2948 narrat
784 2893 1024 2947 Hamart.
1048 2909 1192 2947 vers.
1220 2894 1347 2957 673,
1376 2891 1584 2959 Nescis,
1608 2892 1783 2956 stulte,

179 2994 279 3039 tute
307 2987 407 3039 vim
430 2985 681 3039 libertatis
709 2984 773 3037 ab
803 2986 913 3055 ipso
937 2981 1247 3038 Formatore
1263 2986 1456 3037 datam.
1483 2983 1634 3050 Quod
1655 2996 1784 3037 vero

180 3075 283 3134 hoc
332 3078 460 3133 loco
509 3078 811 3133 obtrudunt
857 3077 1364 3147 Magdehurgenses,
1400 3077 1598 3131 docere
1640 3075 1779 3131 Pru-

178 3169 443 3233 dentium,
477 3178 705 3238 peccato
732 3170 979 3240 originali
1009 3170 1343 3225 destructum
1379 3169 1431 3223 in
1467 3170 1780 3224 universum

1899 1985 2059 2056 103
2102 1983 2227 2039 Πανί
2250 1992 2322 2039 est
2354 1994 2530 2039 nostra
2560 1985 2723 2039 salus.
2755 1983 2972 2040 Patrem
3001 1999 3122 2040 esse
3146 1993 3410 2039 internum
3446 1994 3502 2038 et

1894 2079 2245 2141 immensum,
2265 2077 2467 2147 Apotli.
2491 2092 2637 2132 vers.
2665 2077 2791 2145 111,
2821 2075 2981 2130 Pater
3007 2088 3103 2143 est,
3131 2094 3280 2145 quem
3300 2094 3505 2131 cernere

1893 2170 2025 2223 nufli
2051 2179 2122 2222 est
2148 2169 2363 2223 licitum.
2419 2168 2605 2236 Qualis
2649 2170 2719 2223 sit
2766 2169 2953 2233 Filius,
3008 2169 3149 2236 quod
3196 2170 3387 2225 attinet
3434 2168 3502 2222 ad

1893 2262 2010 2331 ejus
2025 2261 2403 2327 substantiam,
2434 2262 2812 2331 preprictates,
2855 2262 3052 2324 officia,
3086 2260 3368 2332 diligenter
3406 2276 3503 2315 ex-

1892 2354 2060 2423 plicat
2080 2353 2375 2422 Hamaitig.
2403 2369 2547 2407 vers.
2576 2352 2701 2415 346,
2738 2352 2987 2406 Conditor
3006 2370 3125 2423 ergo
3178 2352 3295 2406 boni
3344 2351 3502 2405 Pater

1890 2456 1986 2512 est,
2012 2458 2059 2500 et
2086 2463 2202 2500 cum
2234 2445 2394 2499 Patre
2423 2444 2678 2500 Christus.
2714 2445 3025 2500 Boetrinani
3040 2444 3109 2499 de
3135 2445 3344 2499 duabus
3371 2445 3499 2500 Jesu

1892 2536 2089 2591 Christi
2118 2539 2349 2603 naturis,
2380 2537 2775 2607 Psychomach.
2803 2552 2949 2592 vers.
2975 2537 3065 2603 74,
3097 2538 3263 2607 Atque
3284 2537 3503 2607 innupta

1894 2626 2060 2682 Deum
2087 2632 2321 2700 concepit
2348 2629 2539 2697 femina
2570 2626 2833 2683 Christum
2861 2628 3071 2682 mortali
3122 2628 3186 2681 de
3216 2638 3377 2683 matre
3406 2629 3503 2683 ho-

1892 2722 2103 2775 minem.
2131 2722 2277 2777 Bona
2310 2724 2489 2776 omnia
2516 2736 2543 2774 a
2575 2720 2685 2776 Deo
2736 2721 2951 2776 condita
3006 2736 3147 2789 esse,
3204 2721 3497 2793 llamartig.

1890 2829 2034 2869 vers.
2061 2814 2190 2879 338,
2216 2812 2488 2883 Principio
2512 2830 2705 2869 rerum.
2730 2814 2810 2870 De
2835 2829 2995 2869 causa
3025 2815 3225 2882 lapsus,
3277 2816 3501 2871 [latitar-

1892 2905 1985 2974 tig.
2019 2919 2158 2961 vers.
2198 2904 2320 2971 184,
2358 2904 2463 2962 Sed
2475 2907 2644 2977 factus
2673 2906 2737 2960 de
2756 2907 2915 2975 stirpe
2936 2906 3118 2961 bonus.
3152 2907 3231 2963 De
3267 2906 3501 2965 hominis

1890 2997 2039 3064 lapsu
2071 3007 2126 3052 et
2148 3006 2289 3050 statu
2318 2997 2438 3063 ejus
2481 3006 2598 3066 post
2648 2998 2879 3067 lapsum,
2916 2998 3011 3055 lib.
3050 3015 3086 3054 tt
3126 3000 3250 3055 adv.
3301 3000 3449 3071 Sytn.
3484 3041 3499 3065 ,

1888 3105 2031 3144 vers.
2063 3090 2191 3154 960,
2218 3087 2560 3143 Condideram
2588 3091 2869 3160 perfectum
2889 3092 3168 3147 hominem.
3196 3094 3260 3147 Et
3286 3093 3500 3148 [laniar-

1892 3182 1984 3251 tig.
2003 3194 2148 3236 vers.
2168 3182 2293 3245 697,
2337 3181 2502 3247 Vade,
2518 3182 2589 3235 ait
2606 3182 2713 3252 ipse
2741 3200 2945 3250 parens.
2984 3183 3056 3239 De
3083 3184 3251 3239 libero
3272 3186 3501 3240 arbitrio

179 3268 505 3329 potestatem
540 3261 855 3328 voluntatis,
889 3270 944 3316 et
986 3262 1038 3315 in
1074 3262 1310 3330 pessima
1346 3277 1576 3332 quicque
1606 3274 1781 3317 niuta-
1812 3242 1857 3305 (ἶ
1891 3282 2013 3328 ante
2037 3272 2271 3341 lapsum,
2305 3272 2605 3342 Hamartig.
2633 3288 2774 3329 vers.
2803 3275 2927 3340 675,
2964 3274 3166 3340 Nescis,
3190 3278 3365 3345 stulte,
3402 3288 3501 3333 tum

180 3361 309 3419 tam,
342 3351 507 3421 quale
539 3350 644 3406 hoc
674 3353 742 3407 sit
773 3367 894 3406 mox
914 3352 1235 3407 videbimus.
1261 3352 1500 3423 Pergunt
1529 3353 1675 3409 enim
1699 3354 1780 3407 di-

176 3457 298 3499 core
332 3456 486 3501 recte
517 3460 642 3500 eum
678 3447 913 3500 sensisse
945 3447 1011 3501 de
1042 3456 1266 3518 peccato
1293 3449 1517 3518 originis
1546 3450 1595 3503 in
1637 3452 1781 3518 Apo-

177 3538 348 3593 thcosi
380 3553 529 3593 vers.
578 3537 703 3603 908,
738 3537 866 3592 Haec
910 3542 1074 3607 prima
1115 3550 1186 3594 est
1227 3549 1413 3594 natura
1450 3542 1655 3595 auima’.
1709 3541 1782 3595 De

174 3630 494 3686 discrimine
529 3630 661 3699 legis
691 3638 745 3685 et
774 3630 1051 3699 Evangelii
1099 3631 1255 3697 ibid.,
1305 3631 1411 3687 Sed
1445 3634 1583 3685 cadit
1619 3634 1672 3685 in
1702 3633 1781 3701 fa-

174 3721 298 3776 ciem
334 3721 507 3789 plebs,
540 3738 643 3774 non
682 3721 854 3775 visura
897 3722 1192 3791 profundae,
1224 3738 1364 3777 vers.
1398 3724 1503 3778 350
1532 3734 1582 3777 et
1614 3740 1769 3793 seqq.

245 3812 370 3867 121.
409 3813 632 3866 Addunt
669 3812 1016 3867 Prudentium
1062 3812 1300 3869 haereses
1330 3816 1620 3870 nonnullas
1649 3830 1783 3869 con-

175 3903 393 3969 futasse,
454 3904 573 3958 illas
616 3905 848 3957 maxime
876 3920 993 3971 qum
1038 3906 1087 3958 in
1131 3920 1415 3974 personam
1450 3916 1501 3961 et
1540 3907 1778 3961 officium

173 3996 369 4053 Christi
429 3996 647 4051 fuerunt
698 3998 1049 4062 blaspheme,
1099 3998 1155 4053 in
1209 3998 1409 4067 Apotli.
1456 3999 1631 4068 prmf.,
1689 4001 1780 4058 ubi

174 4098 356 4141 contra
386 4087 674 4157 gentilium
705 4088 896 4142 stultas
943 4090 1323 4145 contentiones
1364 4100 1418 4144 ct
1446 4094 1777 4160 qumstiOnes

176 4179 239 4235 de
262 4180 373 4234 Deo
410 4186 467 4233 et
487 4179 748 4248 religione
770 4190 916 4234 recte
940 4181 1012 4234 ait
1035 4197 1049 4231 :
1076 4182 1283 4236 Idcirco
1307 4186 1485 4237 mundi
1507 4186 1665 4240 stulta
1687 4189 1777 4241 de-

178 4272 291 4343 legit
318 4272 490 4328 Deus.
522 4272 753 4329 Dimicat
788 4273 841 4329 in
874 4278 1121 4343 sequenti
1147 4278 1387 4333 carmine
1428 4281 1626 4334 acriter
1650 4294 1779 4334 con-

177 4370 255 4416 tra
283 4363 721 4432 Patripassianos
752 4381 767 4417 :
793 4376 978 4420 contra
1011 4382 1147 4436 quos
1174 4370 1370 4423 asserit
1414 4368 1639 4434 Filium,
1671 4387 1777 4426 non

177 4449 709 4514 l’atrem,hominem
742 4454 966 4521 factum,
999 4470 1215 4525 passum
1257 4469 1313 4513 et
1349 4471 1659 4515 mortuum:
1697 4462 1780 4517 Fi-

178 4539 303 4596 lium
328 4544 489 4609 item,
515 4560 622 4599 non
648 4544 882 4611 Patrem,
926 4562 955 4600 a
988 4550 1308 4617 patriarchis
1339 4566 1459 4607 eSse
1492 4554 1683 4608 visum.
1712 4556 1776 4607 Et

179 4632 379 4690 diserte
412 4636 587 4704 inquit
610 4652 756 4692 vers.
792 4638 918 4705 111,
957 4638 1113 4693 Pater
1141 4650 1216 4694 est
1241 4658 1389 4709 quem
1419 4659 1624 4699 cernere
1649 4646 1779 4699 nulli

181 4738 250 4780 est
273 4727 504 4782 licitum.
541 4727 746 4783 Deinde
772 4739 959 4783 contra
990 4730 1328 4786 Sabellianos
1361 4734 1678 4801 gravissime
1702 4736 1785 4789 di-

181 4829 355 4886 sputat
388 4826 445 4873 et
473 4819 766 4884 concludit,
797 4819 928 4874 Hac
950 4832 1023 4875 est
1061 4834 1238 4877 nostra
1258 4824 1426 4886 salus,
1452 4834 1558 4878 etc.
1591 4824 1782 4881 Postea

182 4908 230 4962 in
257 4908 481 4963 Judccns
513 4908 785 4965 invehitur
823 4914 1110 4982 acerrime,
1144 4912 1226 4969 En
1263 4916 1354 4969 tibi
1387 4914 1671 4971 Christum.
1704 4921 1783 4972 in-

183 4996 305 5065 felix
326 4999 358 5052 J
371 4998 547 5063 udtea,
583 4998 772 5058 Deum.

251 5088 380 5144 125.
438 5088 643 5145 Contra
704 5093 969 5162 Ebionis,
1015 5096 1348 5165 Artemonis,
1408 5099 1776 5174 Samosateni,

182 5176 398 5234 Photiui
426 5186 482 5234 et
524 5180 762 5238 Marcelli
802 5193 1123 5255 sectatores,
1162 5204 1300 5257 quos
1332 5190 1779 5249 Homuncionitas

184 5268 327 5337 dicit,
380 5281 583 5339 pugnat
626 5274 835 5343 prolixo
882 5277 1142 5345 carmine,
1193 5295 1257 5334 ac
1305 5284 1638 5339 memorabili
1682 5285 1780 5340 do-

186 5365 355 5419 ctrina
393 5378 517 5420 eam
549 5364 971 5436 disputatimiem
1010 5372 1308 5439 concludit,
1344 5372 1617 5443 inquiens,
1658 5376 1779 5446 Ipse

185 5456 327 5524 gerit,
353 5457 494 5526 quod
521 5457 711 5511 struxit
752 5474 903 5530 opus,
946 5470 1051 5515 etc.
1082 5461 1289 5519 Rursus
1320 5474 1505 5520 contra
1547 5466 1776 5524 hzcresin

185 5544 471 5615 Cerdonis,
494 5546 699 5617 Apellis
720 5550 1062 5622 aliorumque
1096 5554 1553 5623 phantasticorum
1583 5560 1690 5631 agit
1721 5561 1774 5616 in

185 5636 426 5705 ejusdem
444 5640 629 5710 operis
643 5644 908 5713 carmine,
935 5645 1022 5701 ubi
1047 5653 1102 5701 et
1126 5646 1430 5715 Manichaei,
1456 5652 1544 5720 qui
1567 5652 1773 5708 aerium

185 5725 396 5788 Christo
448 5747 647 5804 corpus
690 5736 959 5806 attribuit,
1013 5740 1332 5797 nominatim
1386 5744 1652 5810 meminit,
1700 5748 1774 5800 Ac

181 5823 404 5887 primum
435 5838 633 5897 specta,
677 5830 950 5887 auderent
988 5835 1272 5904 quidquam
1313 5837 1611 5895 simulatum
1643 5844 1774 5897 assi-

1806 4603 1860 4664 D

1888 3363 1987 3415 vim
2015 3364 2264 3417 libertatis
2288 3363 2351 3415 ab
2376 3364 2511 3431 ipso.
2547 3364 2601 3417 In
2650 3364 2845 3432 quibus
2891 3364 3051 3417 rebus
3102 3367 3347 3419 toluntus
3403 3370 3500 3420 litt-

1889 3473 2045 3511 mana
2077 3457 2242 3513 libera
2273 3457 2344 3511 sit
2366 3456 2448 3510 vel
2474 3455 2696 3521 serviat,
2726 3456 3020 3528 llamaitig.
3061 3473 3201 3513 vers.
3254 3459 3383 3526 269,
3417 3461 3501 3515 En

1887 3549 1980 3601 tibi
2009 3549 2264 3616 signatum
2318 3548 2567 3603 libertatis
2615 3550 2997 3603 documentum.
3060 3550 3133 3605 lle
3186 3550 3500 3608 discrimine

1888 3638 2095 3693 Veteri.
2126 3649 2177 3694 et
2215 3639 2349 3693 Novi
2403 3640 2757 3703 Tcstamenti,
2806 3642 3002 3710 Apoth.
3039 3657 3181 3696 vers.
3211 3644 3334 3707 550,
3393 3645 3500 3700 Sed

1886 3730 2019 3782 cadit
2044 3729 2095 3783 in
2123 3731 2306 3797 faciem
2360 3730 2537 3801 plebs,
2592 3748 2695 3785 nou
2741 3734 2913 3785 visura
2960 3734 3233 3804 profunda:
3291 3735 3418 3806 legis
3445 3739 3501 3791 in

1886 3824 2057 3892 ef”gie
2086 3825 2331 3891 scriptum
2363 3840 2453 3890 per
2473 3824 2729 3895 enigmata
2759 3824 3039 3879 Christum.

1963 3914 2083 3967 127.
2121 3914 2387 3971 Praeterea
2422 3916 2487 3970 de
2506 3918 2761 3985 operibus
2788 3917 3219 3973 Christianorum
3263 3920 3497 3989 propriis

1884 4019 1937 4061 et
1966 4009 2145 4061 animo
2179 4018 2427 4077 prompto
2483 4019 2647 4076 atque
2700 4010 2862 4063 alacri
2906 4013 3245 4079 przcstandis,
3307 4016 3487 4083 hymn.

1884 4100 2065 4168 Jejun.
2096 4114 2234 4153 teis.
2260 4101 2359 4154 2H
2399 4098 2495 4153 Est
2537 4101 2723 4171 quippe
2774 4111 2821 4155 et
2864 4102 2997 4155 illud
3052 4108 3246 4173 grande
3296 4108 3497 4159 virtutis

1883 4206 2062 4261 genus.
2102 4190 2306 4245 Deloco
2337 4193 2657 4257 animarum,
2703 4194 2892 4264 hymn.
2930 4194 3319 4265 Exsequiarum
3350 4213 3495 4253 vers.

1888 4284 1989 4339 “9
2009 4325 2025 4349 ,
2060 4283 2451 4338 Sedresolubile
2478 4301 2684 4355 corpus.
2719 4285 2795 4339 De
2817 4287 3221 4343 restirrectione
3259 4299 3499 4343 mortuo-

1884 4390 2026 4441 rum,
2062 4375 2219 4440 ihid.,
2249 4390 2392 4429 vers.
2427 4378 2519 4440 53,
2558 4376 2695 4428 Nam
2742 4377 2881 4445 quod
2927 4380 3239 4448 requiescere
3288 4397 3494 4447 corpus.

1886 4467 1949 4519 Et
1977 4466 2172 4535 Apoth.
2199 4482 2339 4521 vers.
2371 4467 2527 4531 1062,
2583 4466 2759 4521 Nosco
2803 4485 2975 4521 meum
3041 4470 3095 4522 in
3136 4469 3362 4538 Christo,
3422 4472 3498 4527 De

1886 4559 1991 4612 vita
2016 4567 2238 4626 aeterna,
2273 4558 2460 4629 hymn.
2481 4559 2881 4614 Defunct.vers.
2911 4560 3000 4626 97,
3021 4562 3175 4625 Ha'c,
3206 4579 3318 4631 qua:
3343 4565 3495 4618 modo

1893 4649 2091 4717 pallida
2110 4652 2243 4704 tabe.
2274 4651 2348 4704 De
2376 4648 2582 4718 inferis,
2610 4650 2705 4703 lih.
2737 4659 2936 4704 ttcont.
2964 4652 3112 4721 Sym.
3179 4667 3319 4707 vers.
3367 4655 3493 4714 185.

1892 4741 2137 4805 Interior,
2170 4743 2255 4812 qui
2275 4743 2435 4812 spirat
2463 4742 2634 4810 homo,
2668 4743 2771 4796 luet
2798 4744 2883 4796 ille
2911 4759 3150 4813 perenne.
3176 4746 3373 4798 Contra
3406 4760 3496 4798 va-

1894 4846 2015 4885 nam
2050 4831 2443 4901 philosophiam
2471 4873 2486 4895 ,
2531 4832 2878 4902 astrologiam
2927 4842 2984 4887 et
3022 4833 3277 4903 magiam,
3330 4836 3421 4889 lib.
3460 4853 3495 4892 tt

1892 4923 2013 4978 adv.
2044 4924 2219 4995 Sym.,
2252 4940 2394 4978 vers.
2425 4923 2549 4986 ΗΟ,
2582 4924 2810 4994 Quisque
2839 4934 2985 4996 putat
3015 4927 3124 4997 fato
3151 4944 3259 4981 esse
3298 4930 3490 4983 locum.

1967 5012 2091 5069 128.
2124 5012 2413 5069 Videamus
2446 5029 2588 5071 nunc
2616 5014 2744 5083 quid
2772 5030 2801 5069 a
2834 5014 3130 5070 Prudentia
3158 5017 3334 5071 minus
3359 5031 3495 5073 con-

1884 5114 2139 5177 gruenter
2159 5105 2359 5161 dictum
2388 5106 2877 5176 Magdeburgenses
2893 5107 3093 5178 aliique
3116 5108 3357 5164 haeretici
3387 5110 3494 5164 cri-

1886 5200 2177 5255 minentur.
2207 5198 2339 5269 Cap.
2372 5197 2405 5251 4
2427 5199 2818 5253 invocationem
2843 5208 3152 5257 sarctorum
3177 5200 3229 5255 iu
3253 5200 3493 5257 Pruden-

1887 5290 1963 5345 tio
1993 5290 2399 5368 reprehendunt
2426 5289 2615 5360 hymn.
2642 5290 2701 5347 S.
2733 5289 3010 5346 Laurentii
3039 5331 3054 5356 ,
3106 5291 3165 5348 S.
3227 5292 3493 5350 Vincentii

1885 5390 1939 5438 et
1969 5380 2234 5438 Cassiani.
2265 5382 2319 5437 In
2343 5397 2447 5452 qua
2476 5392 2653 5437 tamen
2676 5382 2923 5438 doctrina
2971 5384 3150 5440 socios
3195 5384 3491 5441 Prudentio

1885 5474 2387 5531 dantAthanasium
2420 5515 2437 5542 ,
2479 5474 2775 5544 Basilium,
2836 5476 3155 5547 Gregorium
3194 5477 3493 5535 Nazianze-

1886 5581 2038 5632 num,
2063 5565 2427 5636 Ambrosium,
2468 5566 2810 5635 impudenter
2831 5565 2892 5620 af
2892 5567 3168 5623 firmantes
3206 5569 3493 5641 malignum

1882 5661 2122 5728 spiritum
2152 5668 2408 5713 tantorum
2438 5660 2667 5714 virorum
2692 5660 2900 5731 scriptis
2921 5661 3148 5729 plurima
3192 5662 3489 5728 inseruisse,

1883 5752 2060 5823 qualia
2088 5762 2205 5807 sunt
2232 5752 2326 5807 illa
2346 5752 2409 5807 de
2437 5760 2731 5808 sanctorum
2758 5750 3116 5821 defunctorum
3160 5754 3490 5809 invocationi-

1886 5844 2001 5901 ιω.
2025 5844 2244 5900 Addunt
2288 5844 2670 5910 Ambrosiam,
2714 5844 2827 5900 sive
2873 5844 3013 5899 alius
3062 5844 3344 5901 sitauctor
3370 5861 3489 5903 ora-
