4504 6494
900 441 1006 499 6οῶ

2279 422 2728 486 ιιιιυυεητιυε.

4059 424 4172 484 θαι

900 551 1058 608 tionis
1078 544 1316 605 funebris
1345 542 1414 601 de
1436 541 1582 602 obitu
1608 537 1919 606 Theodosii,
1944 535 2110 592 multa
2135 549 2471 592 commemo-
2499 539 2551 599 Α
2575 552 2914 612 oppugnasse
2947 545 3002 596 et
3021 537 3326 608 dammae,
3356 532 3738 612 Symmachum
3782 537 4001 610 We
4030 552 4166 594 eo..-

899 655 1024 700 rare
1041 637 1410 709 superstitiosa
1435 635 1504 692 de
1529 645 1687 689 cruce
1713 630 1927 686 inventa
1980 627 2051 684 ab
2102 627 2322 691 llelena,
2355 641 2475 696 qure

899 732 1288 790 contumeliosa
1313 736 1437 786 sunt
1457 727 1508 783 in
1541 723 1791 782 meritum
1810 721 2035 789 Christi,
2060 722 2135 777 uti
2163 721 2302 793 quod
2318 720 2478 776 habet

902 827 1226 885 Prudentius
1272 823 1454 893 bvmn.
1495 818 1634 874 Ante
1673 830 1939 881 somnum,
1987 830 2128 871 vers.
2160 812 2284 882 153,
2337 810 2479 867 Crux

903 919 1046 991 pellit
1072 931 1219 972 autne
1241 913 1453 977 crimen,
1487 919 1593 966 etc.
1650 905 1826 962 Videri
1873 905 2034 961 etiam
2083 904 2256 959 crucis
2300 901 2477 972 signa-

904 1007 1033 1062 tioni
1063 1003 1282 1059 nimium
1309 999 1558 1057 tribuisse
1580 997 1928 1068 Ephremum,
1957 1005 2014 1050 ct
2035 994 2219 1049 multis
2246 1007 2349 1049 non
2375 1006 2475 1049 ne-

902 1094 1150 1153 cessariis
1167 1102 1224 1152 et
1243 1091 1519 1148 inutilibus
1545 1100 1820 1145 oneratam
1869 1087 2036 1142 fuisse
2089 1085 2402 1147 Ecclesiam.
2428 1086 2473 1139 si

903 1200 970 1244 eo
996 1197 1235 1255 tempore
1253 1183 1308 1239 in
1359 1195 1426 1238 ea
1468 1179 1648 1236 usitati
1677 1187 1830 1234 erant
1867 1189 2100 1232 canones
2148 1174 2475 1244 paenitentia:

901 1278 1046 1335 Petri
1090 1274 1456 1332 Alexandrini.
1494 1272 1572 1327 De
1610 1269 1914 1341 purgatorit
1964 1273 2149 1322 notant
2172 1265 2478 1321 consentire

901 1371 1200 1428 doctrinam
1235 1367 1392 1440 105
1417 1364 1689 1421 Prudentii
1723 1361 2013 1432 Hamartig.
2037 1400 2052 1426 ,
2083 1359 2138 1414 in
2167 1358 2293 1425 line,
2353 1357 2477 1414 Esto

901 1479 1196 1528 meracae,
1214 1476 1333 1518 cum
1358 1455 1651 1526 Lactantio,
1676 1455 1767 1511 lib.
1801 1470 1896 1520 vtt,
1927 1467 2048 1522 cap.
2067 1453 2158 1520 2i,
2206 1461 2262 1509 et
2291 1451 2478 1506 Hiero-

902 1569 1086 1628 nymo,
1111 1553 1202 1610 lib.
1240 1565 1294 1606 tv
1328 1557 1617 1604 comment.
1659 1545 1714 1601 in
1771 1545 1983 1613 Isaiam,
2025 1557 2144 1614 cap.
2167 1541 2224 1608 ι,
2269 1551 2323 1598 et
2378 1541 2470 1597 lib.

902 1660 1027 1702 xvm
1047 1641 1256 1700 com.in
1284 1639 1494 1695 Isaiam.

972 1734 1097 1790 ηρ.
1122 1732 1238 1788 1am
1258 1732 1400 1788 circa
1433 1729 1566 1786 ritus
1608 1725 2000 1783 ecclesiasticos
2022 1724 2470 1789 animadvertunt,

900 1833 1148 1879 crescente
1166 1819 1717 1893 superstitionesa‘culo
1744 1833 1818 1885 tv,
1835 1817 2185 1874 crercmouias
2202 1817 2467 1881 funebres,

2579 635 2799 692 futasse.
2823 632 2888 690 In
2915 632 3014 689 Itse
3035 641 3209 687 autem
3221 642 3391 702 pste,
3411 632 3579 698 addit,
3601 631 3698 688 Itoc
3737 631 3998 703 imprimis
4025 647 4168 687 cotu-

2577 727 2940 792 mcndaudttnt,
2960 734 3006 782 at
3022 724 3324 781 Christianis
3353 723 3514 796 poetis
3538 723 3698 780 nothi
3745 721 3928 780 seculi
3967 723 4172 778 imitan-

2576 819 2700 874 dtnn
2712 828 2806 887 est,
2831 817 2968 890 quod
2991 832 3094 873 non
3113 817 3336 885 invocat,
3366 825 3462 872 ast
3504 818 3612 872 satis
3646 815 3967 889 poematibus
3994 817 4166 871 admi-

2575 921 2683 966 scet
2710 911 2830 966 deos
2854 909 3102 974 ethnicos,
3126 924 3288 978 neque
3314 906 3626 982 theologiam
3653 909 3875 977 impuris
3893 910 4171 983 gentilibus

2575 999 2766 1070 fabalis
2791 1009 3093 1068 conspurcat
3123 1014 3144 1054 :
3170 1003 3259 1055 sed
3278 1001 3458 1054 sancta
3474 998 3656 1070 pltrasi
3677 1016 3759 1056 res
3806 1001 4011 1055 diuinos
4033 1001 4170 1056 serio

2576 1101 2624 1148 et
2658 1101 2829 1149 tamen
2873 1091 2997 1146 satis
3039 1092 3298 1161 eleganter
3341 1097 3549 1146 tractet.
3603 1090 3681 1146 Ita
3716 1089 3955 1147 heretici
3991 1104 4172 1147 causa

2576 1181 2853 1253 religionis
2873 1179 3153 1237 catholica:
3181 1193 3429 1251 magnum
3456 1179 3667 1250 pondus
3707 1180 3993 1250 adjiciunt.
4039 1180 4169 1236 dum

2577 1271 2925 1329 Prudentium
2944 1273 3316 1342 maximopere
3335 1270 3578 1338 laudant,
3615 1279 3714 1329 eta
3753 1273 3870 1328 suis
3895 1268 4174 1341 apittioni-

2577 1362 2679 1418 bus
2705 1363 2933 1418 alienum
2962 1361 3128 1418 fuisse
3149 1363 3292 1417 ultro
3323 1363 3578 1420 fatentur.
3621 1364 3715 1421 llis
3757 1362 4025 1421 Joannem
4055 1364 4175 1421 Cle-

2575 1452 3014 1521 ricum,fortasse
3043 1467 3148 1507 non
3200 1451 3358 1508 valde
3403 1463 3812 1524 repugnantem,
3856 1453 4174 1525 adiungant,

2573 1545 2663 1617 qui
2691 1555 2820 1602 tom.
2854 1546 2944 1601 XII
2969 1547 3224 1602 Bibliolb.
3249 1547 3494 1604 univers.
3523 1548 3954 1621 Pytbagoreismi
3989 1549 4175 1618 suspi-

2574 1641 2782 1697 cionem
2821 1638 3113 1696 Prudentia
3144 1640 3370 1697 intentat
3394 1656 3461 1698 ex
3507 1641 3694 1713 bymn.
3719 1639 3774 1710 3,
3813 1641 3969 1715 105
4014 1640 4177 1704 Catii.

2572 1747 2716 1788 vers.
2745 1732 2844 1798 58,
2874 1730 3019 1786 Absit
3082 1732 3218 1793 enim
3248 1731 3429 1803 procul
3453 1731 3547 1787 illa
3600 1731 3785 1802 fama,
3857 1732 4084 1787 aedibus
4121 1747 4182 1794 ss:

2573 1823 2826 1893 pecudum
2845 1823 2998 1877 libeat
3019 1826 3328 1896 sanguineae
3355 1821 3582 1878 Iacuere
3605 1824 3784 1896 dapes.
3816 1822 3985 1879 Multa
4013 1824 4182 1880 etiam

901 1923 1012 1970 tum
1067 1928 1134 1969 ex
1207 1911 1527 1968 etlitticismo
1586 1919 1699 1965 tum
1751 1923 1816 1965 ex
1864 1907 2140 1965 Judaismo
2183 1909 2479 1965 cumulatas
2507 1904 2553 1965 Β
2583 1912 2971 1969 blateratcirea
2991 1911 3289 1969 orationem
3317 1915 3369 1969 in
3398 1912 3690 1984 Hamartig.
3716 1929 3732 1970 :
3763 1913 3809 1968 Ο
3848 1913 3944 1970 des
3971 1914 4182 1970 cuncti-

903 2007 1090 2075 fuisse,
1115 2015 1171 2062 et
1196 2005 1474 2075 proferunt
1516 2017 1635 2072 cap.
1689 2001 1725 2059 6
1776 2001 2046 2058 Prudentii
2099 2016 2241 2058 vers.
2296 2001 2479 2073 bymn.

905 2096 1127 2168 Exseq.,
1156 2094 1391 2152 Candore
1414 2094 1625 2150 nitentia
1650 2094 1810 2160 claro,
1839 2102 1896 2149 et
1924 2093 2036 2149 Nos
2056 2103 2187 2149 tecta
2207 2093 2484 2167 fovebimus

904 2206 1039 2247 ma.
1063 2191 1198 2246 Aras
1223 2190 1276 2245 in
1313 2188 1525 2260 templis
1552 2186 1716 2243 fuisse
1759 2202 1827 2241 ex
1865 2185 2102 2241 historiis
2129 2184 2244 2255 ejus
2272 2185 2478 2252 saculi,

903 2281 1167 2346 Sicratis,
1213 2279 1520 2345 Sosomeni,
1561 2274 1884 2333 Theodoreti
1936 2274 2159 2344 aliisque
2209 2273 2478 2343 fatentur,

902 2371 996 2428 sed
1012 2373 1163 2426 aiunt
1192 2386 1220 2425 a
1243 2369 1440 2428 Judaei:
1469 2371 1607 2425 banc
1635 2367 2074 2424 consuetudinem
2113 2382 2479 2437 permanasse.

904 2463 1182 2531 Refer-unt,
1207 2461 1553 2518 Prudentium
1575 2459 1835 2526 iudicare,
1886 2459 2144 2530 imagines
2185 2473 2484 2530 reprteseu-

904 2560 1079 2609 tantes
1094 2552 1367 2623 passiones
1385 2559 1677 2622 martyrum
1699 2549 1752 2604 in
1771 2548 1984 2619 templis
2002 2548 2255 2605 collocari
2272 2549 2478 2615 solitas,

904 2644 999 2700 sed
1027 2644 1257 2712 picturas
1281 2643 1334 2698 in
1356 2639 1867 2712 templisimprobari
1889 2639 1957 2695 ab
1971 2639 2299 2710 Hieronymo
2317 2641 2476 2710 epist.

901 2736 970 2790 ad
1000 2735 1160 2792 Joan.
1189 2733 1541 2805 iiierosolym.
1575 2731 1887 2789 Concedunt
1916 2729 2260 2787 Prudentium
2289 2730 2480 2786 memi-

902 2829 1049 2885 nisse
1067 2841 1348 2884 ocrearum
1392 2825 1733 2882 cattdelarum
1777 2823 1969 2895 bymn.
2003 2823 2062 2883 S.
2097 2823 2283 2891 Laur.,
2321 2833 2375 2878 et
2416 2823 2476 2881 S.

900 2919 1280 2991 Hieronymum
1303 2925 1488 2973 contra
1519 2915 1861 2985 Vigilantium
1907 2929 2172 2985 asserere,
2221 2929 2316 2986 per
2342 2922 2482 2972 totas

901 3010 1135 3069 Orientis
1155 3009 1445 3074 Ecclesias,
1465 3007 1679 3078 quando
1688 3007 1971 3079 legendum
1987 3015 2071 3063 est
2100 3006 2448 3078 Evangelium
2461 3045 2480 3074 ,

903 3100 1118 3160 accendi
1134 3100 1436 3170 luminaria,
1449 3101 1566 3174 jam
1601 3100 1708 3155 sole
1759 3100 2025 3167 rutilante,
2072 3115 2175 3155 non
2218 3099 2392 3170 utique
2413 3099 2484 3152 ad

902 3196 1159 3268 [agendas
1205 3193 1454 3262 tenebras,
1477 3193 1567 3249 sed
1594 3192 1663 3247 ad
1690 3191 1893 3263 signant
1919 3192 2110 3247 latitia:
2126 3191 2482 3246 demonstran-

900 3291 1046 3346 dant.
1081 3288 1186 3347 Sed
1220 3299 1485 3358 reponunt
1519 3287 1635 3345 hac
1668 3301 1881 3358 quoque
1921 3302 1987 3343 ex
2017 3286 2293 3343 Judaismo
2338 3294 2478 3341 orta.
2505 3268 2555 3334 (ἶ

907 3380 1162 3452 Denique,
1184 3396 1302 3451 cap.
1328 3381 1419 3448 l0,
1450 3380 1589 3437 inter
1627 3394 1813 3437 navos
1852 3377 2128 3436 Prudentii
2175 3385 2480 3444 numerant,

902 3473 1045 3542 quod
1071 3487 1178 3528 non
1202 3481 1286 3528 sat
1310 3472 1594 3529 commode
1624 3473 1874 3544 loquatur
1901 3472 1969 3527 de
1997 3471 2249 3527 libertate
2296 3470 2485 3524 huma-

905 3578 989 3619 na
1006 3562 1296 3619 voluntatis
1321 3562 1612 3633 ﬂamartig.
1655 3578 1798 3619 vers.
1843 3560 1970 3629 769,
1993 3560 2073 3615 En
2099 3562 2190 3616 tibi
2206 3564 2483 3633 signatum.

904 3655 1120 3725 thuod
1139 3697 1153 3723 ,
1185 3654 1382 3712 ibidem
1412 3671 1535 3712 vers
1556 3655 1683 3721 509,
1707 3651 1778 3711 de
1805 3654 1986 3712 carnis
2025 3654 2327 3710 innocentia
2365 3652 2484 3708 vio-

904 3745 1120 3813 lentam,
1147 3755 1204 3800 ut
1224 3745 1352 3817 ipsis
1383 3745 1613 3810 videtur,
1640 3745 2134 3816 interpretationem
2163 3744 2291 3800 dicti
2333 3742 2484 3799 Pauli

903 3834 970 3891 ad
994 3835 1254 3905 Ephesios
1279 3851 1330 3891 vt
1354 3835 1631 3905 amplexus
1643 3835 1801 3892 fuerit
1827 3854 1839 3889 :
1877 3835 2054 3901 Errat,
2082 3836 2174 3903 ait,
2200 3836 2288 3908 qui
2321 3835 2488 3888 lucta-

905 3941 1017 3981 uten
1045 3943 1158 3980 cant
1177 3928 1428 3999 sanguine
1451 3926 1612 3982 nobis.
1640 3927 1770 3982 ltem
1804 3928 1944 3998 quod
1969 3936 2264 4000 martyrum
2293 3927 2481 3984 merita

905 4017 1209 4073 civitatibus
1236 4015 1340 4071 illis
1359 4015 1943 4089 profuturascripserit,
1975 4021 2029 4075 in
2067 4021 2259 4089 quibus
2287 4020 2484 4074 obdor-

906 4106 1143 4174 tnierint,
1171 4105 1676 4177 ltyutu.octodccim
1730 4117 1954 4179 martyr.
2003 4107 2231 4174 Cresam,
2277 4109 2402 4164 Sola
2431 4110 2485 4164 in

908 4212 1172 4251 occursum
1194 4198 1583 4252 numerosiores.
1622 4198 1729 4254 Nec
1771 4201 1902 4255 satis
1944 4211 2100 4256 caute
2124 4200 2325 4256 dixisse
2376 4200 2482 4255 illis

906 4286 1115 4341 videtur
1130 4287 1433 4344 Catbemer.
1466 4289 1648 4360 bymn.
1682 4291 1821 4348 Ante
1841 4291 2038 4357 cibum,
2062 4306 2206 4347 vers.
2233 4292 2355 4358 146,
2375 4290 2487 4346 Hoc

907 4379 1080 4435 odium
1124 4390 1264 4435 uetus
1312 4380 1441 4434 illud
1484 4389 1614 4434 erat.
1657 4381 1906 4448 Quaedam
1962 4396 2026 4437 ex
2080 4381 2162 4436 bis
2197 4381 2486 4438 Prudentio

906 4484 1118 4539 quoque
1146 4468 1330 4537 objicit
1352 4469 1525 4526 Lucas
1546 4471 1808 4527 Osiander
1837 4472 1891 4526 in
1917 4472 2085 4540 Epist.
2116 4471 2307 4527 eccles.
2333 4470 2484 4537 bist.,

2583 2019 2788 2074 parens,
2810 2000 3029 2073 etquod
3065 2001 3391 2058 Prudentius
3422 2005 3656 2059 animam
3703 2013 3863 2061 vocet
3901 2006 4182 2074 liquorem.

2583 2093 2736 2163 Quod
2750 2101 2929 2150 autem
2959 2093 3196 2161 mireris,
3240 2093 3482 2152 Clericus
3524 2095 3580 2151 in
3609 2093 3774 2151 rebus
3819 2095 4048 2166 poeticis
4070 2113 4184 2153 non

2586 2187 2774 2241 melior
2785 2186 3002 2242 criticus
3025 2201 3186 2258 quam
3211 2186 3267 2243 in
3295 2187 3463 2244 sacris
3484 2227 3504 2256 ,
3540 2185 3892 2244 Prudentium
3941 2188 4185 2245 afﬁrmat

2581 2277 2846 2333 interdum
2861 2293 3055 2350 repere
3080 2277 3255 2346 humi,
3285 2293 3408 2334 cum
3444 2273 3679 2337 m'axime
3720 2279 3774 2336 in
3819 2280 4053 2336 sublime
4080 2295 4183 2337 vo.

2584 2368 2697 2424 lare
2723 2376 2986 2435 conatur;
3010 2369 3129 2441 eius
3155 2377 3333 2426 tamen
3364 2369 3650 2426 lectionem
3675 2370 3743 2426 ad
3784 2371 4186 2429 ecclesiasticas

2583 2458 2928 2531 antiquitates
2947 2460 3349 2532 cognoscendas
3388 2469 3747 2533 opportunam
3775 2476 3898 2518 esse
3933 2477 4042 2517 non
4079 2463 4186 2517 dif-

2586 2549 2786 2606 iitetur.
2825 2549 3092 2606 Baiiiusin
3105 2550 3244 2607 Dict.
3266 2552 3414 2619 crit.,
3441 2550 3610 2608 verbo
3640 2551 3932 2620 Pradence,
3983 2554 4185 2622 partim

2584 2642 2796 2699 Clerico
2832 2643 3095 2710 adhaeret,
3126 2644 3322 2714 partim
3351 2643 3422 2700 ab
3467 2659 3534 2701 eo
3602 2644 3890 2701 dissentit:
3947 2661 4072 2701 nam
4130 2655 4188 2702 et

2585 2737 2886 2793 orationem
2934 2735 3349 2806 Hamartigenim
3385 2735 3601 2793 defendi
3661 2745 3717 2793 et
3765 2736 3972 2792 laudari
4018 2752 4188 2808 posse

2585 2833 2782 2892 tuetur,
2811 2835 2867 2884 et
2892 2826 3087 2883 animus
3136 2827 3588 2884 immortalitatem
3610 2842 3641 2883 a
3664 2827 3956 2885 Prudentio
3969 2828 4186 2887 diserte

2582 2917 2843 2973 aflirmari
2875 2925 3121 2975 testatur.
3166 2918 3242 2974 De
3287 2917 3701 2975 Ilauiclueorum
3747 2918 3943 2975 haeresi
3993 2919 4181 2988 potius

2582 3007 2783 3066 Bailius
2830 3008 3062 3079 laborat,
3097 3025 3329 3083 quorum
3373 3011 3710 3081 obiectiones
3765 3011 3899 3067 satis
3952 3009 4189 3069 diluisse

2583 3099 2928 3157 Prudentium
2963 3110 3143 3171 negat,
3179 3113 3300 3158 cun
3344 3108 3604 3172 nusquam
3653 3100 3904 3158 idoneam
3950 3116 4184 3175 respon-

2583 3191 2792 3248 sionem
2815 3191 3156 3250 seinveuisse
3169 3193 3515 3264 pertinaciter
3535 3203 3833 3251 asscveret.

3185 3327 3416 3386 CAPUT
3445 3326 3558 3385 VII.

2583 3441 2664 3498 De
2699 3450 2995 3497 sanctorum
3023 3442 3166 3517 catan
3183 3443 3595 3517 «ueneratione,
3613 3457 3898 3517 eorumque
3917 3443 4176 3517 reliquiis,

3006 3527 3070 3566 ea:
3103 3510 3380 3567 Prudentii
3408 3512 3742 3570 carminibus.

2656 3647 2779 3704 150.
2806 3645 2876 3703 Ut
2903 3652 3082 3702 autem
3136 3647 3223 3702 via
3279 3655 3334 3704 et
3377 3647 3587 3706 ratione
3619 3647 3900 3707 Prudentii
3925 3649 4176 3709 doctrina

2584 3736 2906 3801 vindicetur.
2933 3737 3166 3808 primum
3196 3737 3371 3794 dicam
3402 3739 3472 3796 de
3498 3740 3564 3796 iis
3593 3740 3647 3796 in
3699 3741 3900 3813 quibus
3930 3742 4178 3800 Pruden-

2585 3827 2693 3883 tius
2714 3843 2838 3884 cum
2861 3827 3145 3884 catholicis
3159 3830 3458 3898 consentit,
3479 3830 3548 3886 ab
3571 3830 3841 3888 bereticis
3869 3833 4175 3906 discrepat;

2586 3927 2697 3973 tum
2723 3932 2785 3976 ea
2815 3918 3098 3989 explicabo
3127 3934 3250 3989 qua:
3277 3920 3550 3990 aliquibus
3575 3922 3692 3978 visa
3714 3931 3843 3979 sunt
3884 3940 3916 3979 a
3943 3927 4175 3982 veritate

2585 4010 2705 4064 Ωιιθί
2734 4008 3052 4066 Christiana:
3096 4010 3372 4067 aberrare.
3431 4011 3831 4071 lnvocationem
3859 4024 4177 4073 sanctorum

2585 4103 2894 4170 cultumque
2922 4102 3268 4174 reliquiarum
3298 4102 3532 4159 afﬁrmat
3559 4103 3908 4161 Prudentius.
3949 4106 4060 4163 Sed
4091 4122 4179 4165 so-

2588 4193 2742 4249 lusne
2761 4194 2811 4247 id
2839 4193 3160 4250 Prudentius
3191 4194 3462 4250 aidrmatl
3490 4193 3605 4253 lmo
3625 4196 3716 4253 alii
3743 4197 3907 4254 etiam
3925 4241 3941 4266 ,
3982 4200 4167 4256 aiuut:

2587 4284 2708 4354 quia
2733 4283 2843 4354 jam
2895 4293 3112 4354 ceperat
3167 4285 3277 4340 nec
3322 4286 3616 4357 superstitio
3660 4286 3763 4359 (a).
3795 4287 3936 4356 Quid
3983 4289 4033 4346 si
4065 4300 4178 4346 toto

2588 4377 2715 4434 orbi
2750 4376 3055 4434 Christiano
3097 4374 3295 4432 factum
3342 4375 3395 4432 id
3445 4377 3609 4435 fuisse
3635 4379 3940 4448 ostendam,
3981 4396 4176 4452 appro-

2587 4469 2837 4525 bantibus
2865 4479 2919 4524 et
2950 4468 3332 4539 plaudentibus
3352 4469 3657 4542 episcopis?
3679 4470 4002 4529 Dicemusne
4030 4485 4178 4530 vete-

907 4569 1050 4614 ccnt.
1082 4560 1138 4625 4,
1164 4559 1257 4615 lib.
1272 4575 1310 4627 ι,
1327 4575 1447 4631 cap.
1470 4561 1561 4630 26,
1586 4562 1725 4629 Quos
1753 4578 1972 4627 errores,
1993 4563 2184 4632 inquit,
2209 4562 2485 4618 Dominam
2512 4623 2555 4637 __
2581 4576 2676 4617 res
2703 4561 2825 4617 illos
2846 4576 3082 4627 errasse,
3136 4571 3424 4618 novatores
3460 4577 3590 4618 vera
3630 4564 3873 4620 sentire?
3904 4565 4174 4637 Relegan-

906 4650 1006 4720 ipsi
1045 4623 1358 4704 concinnasse
1388 4623 1494 4705 non
1546 4623 1855 4708 dubitamus.
1898 4623 1996 4722 Qui
2047 4623 2222 4710 tamen
2268 4653 2482 4720 fatetur,
2509 4623 2561 4685 θ
2589 4663 2674 4709 tur
2701 4653 2971 4709 Prudentii
3018 4623 3281 4719 carmina,
3330 4661 3385 4709 et
3427 4653 3632 4724 liquido
3674 4655 3958 4727 apparebit
4006 4623 4115 4713 non
4142 4673 4174 4714 a

909 4747 1050 4795 recte
1067 4755 1188 4795 eum
1206 4743 1271 4795 de
1293 4741 1560 4811 plerisque
1590 4744 1828 4812 partibus
1867 4744 2139 4815 religionis
2166 4745 2484 4800 Christianae

908 4833 1164 4897 sens'sse,
1188 4833 1275 4903 pio
1291 4833 1408 4890 zelo
1442 4842 1498 4891 et
1520 4844 1671 4891 recto
1709 4835 1914 4904 judicio
1953 4837 2186 4893 han-esca
2225 4837 2482 4908 quasdam

983 4994 1058 5064 (α)
1087 4994 1357 5051 Fabricius
1395 4996 1447 5051 in
1486 5007 1774 5055 comment.
1814 5000 2204 5056 invocationem
2253 5015 2468 5057 sancto-

909 5078 1030 5140 rum
1078 5067 1404 5140 temporibus
1442 5066 1714 5124 Prudentii
1759 5070 1812 5124 in
1853 5071 2150 5126 Ecclesium
2188 5073 2296 5140 jam
2334 5075 2468 5128 irre-

911 5135 1082 5203 psisse
1121 5134 1216 5199 ait,
1243 5145 1298 5190 et
1338 5151 1573 5192 errorem
1598 5153 1753 5194 suum
1781 5149 1964 5196 contra
2001 5134 2348 5198 Prudentium
2378 5160 2472 5198 au-

908 5203 1164 5280 ctoritate
1188 5204 1762 5280 loacbimicamerarii
1794 5211 1929 5265 tueri
1957 5211 2102 5278 vult,
2143 5212 2233 5280 qui
2279 5215 2473 5268 asserit

909 5272 1258 5357 Prudentium
1286 5273 1446 5357 nimis
1463 5276 1514 5331 in
1543 5278 1625 5333 his
1650 5279 1813 5357 fuisse
1832 5289 2060 5357 poetam.
2084 5272 2138 5336 et
2161 5272 2197 5337 a
2227 5283 2471 5352 simplice

911 5350 1135 5399 veritate
1154 5350 1463 5410 recessisse,
1503 5350 1863 5404 ammnitatem
1905 5351 2162 5406 musicam
2204 5350 2467 5408 secutum.

911 5410 1187 5489 Yerumjn
1215 5415 1627 5489 ltis__aud_ieudus
1662 5434 1769 5473 non
1805 5429 1891 5474 est
1923 5419 2277 5489 Camerarius,
2323 5440 2474 5479 sem

909 5480 1001 5537 ille
1020 5481 1182 5559 multo
1209 5485 1388 5559 melius
1413 5486 1477 5559 de
1495 5485 1684 5559 Plauto
1704 5505 1857 5557 quam
1875 5489 1941 5544 de
1969 5491 2212 5559 religione
2239 5480 2476 5559 meritus,

913 5550 1055 5635 quod
1069 5559 1226 5633 _recte
1253 5553 1304 5635 in
1335 5555 1566 5635 quodam
1597 5550 1823 5635 Fabricii
1876 5550 2169 5635 exemplari
2205 5577 2364 5635 manu
2411 5550 2481 5619 ad

914 5627 1207 5699 marginem
1234 5627 1524 5694 ascriptum
1547 5627 1745 5699 reperi,
1765 5627 2095 5699 Prudentius
2123 5647 2269 5699 saepe
2314 5633 2477 5688 histo-

915 5687 1293 5814 riceloguitur,
1325 5687 1496 5763 neque
1521 5687 1628 5752 alio
1656 5687 1838 5764 modo,
1857 5713 1919 5754 ac
1937 5702 2115 5756 caeteri
2145 5687 2256 5759 SS'.’
2269 5687 2478 5760 Patres.

989 5758 1066 5814 ibi
1131 5769 1278 5814 emt.
1313 5762 1498 5814 livmn.
1523 5766 1571 5814 Ι-
1606 5781 1751 5814 vers.
1779 5769 1834 5814 7-

989 5758 1066 5827 (ὸ)
1092 5758 1278 5818 Perist.
1313 5758 1498 5834 bymn.
1523 5766 1574 5832 l,
1606 5781 1751 5822 vers.
1779 5758 1834 5822 7.

1045 5847 1133 5899 llic
1154 5850 1373 5906 calentes
1393 5855 1550 5909 hausit
1572 5858 1725 5911 undas
1744 5861 1877 5912 caede
1904 5864 2083 5914 tinctus
2101 5864 2298 5929 duplicl,

2586 4743 2881 4799 Prudentia
2918 4743 3228 4813 opinionem
3283 4744 3518 4814 aliquam
3569 4760 3722 4802 suam
3771 4749 4025 4818 proponi.
4080 4750 4179 4807 sed

2587 4835 2841 4893 Ecclesia:
2862 4835 3126 4891 universae
3146 4836 3594 4893 consuetudinem
3629 4838 3787 4910 ιοσ
3805 4840 4049 4896 enarrari
4071 4841 4174 4912 (ι).

2636 4996 2789 5047 illitas
2806 5009 2983 5047 cruore
3004 5004 3170 5047 sancto
3193 5010 3322 5046 nunc
3343 5009 3519 5046 areuss
3541 4996 3710 5047 Incolae

2638 5059 3054 5120 confrequentant
3077 5058 3395 5120 obsecrantes
3418 5070 3562 5120 voce,
3581 5060 3726 5120 votis,
3749 5071 3979 5111 munere.

2701 5098 2881 5170 ἓὶᾱξὶἷ
2887 5098 3438 5170 ἲιῖἱιῐιῖἱῖῖὲιῖιῖᾖιὲ
3451 5098 3659 5170 ἱόῑόόιῖἑ
3665 5098 3727 5170 iii
3732 5098 3886 5171 ν’ἕιῖἔίῖ

2641 5179 2788 5245 [ama
2813 5193 2921 5230 nam
2939 5193 3124 5231 unus
3144 5194 3193 5230 ut
3217 5193 3376 5245 carnes
3399 5183 3706 5243 percucurrit
3723 5182 3984 5245 proditrix,

2641 5241 2734 5292 Hic
2757 5247 2987 5307 patronos
3009 5253 3126 5293 esse
3143 5241 3332 5303 mundi,
3349 5241 3475 5306 quos
3496 5241 3759 5306 precantes
3779 5241 4020 5295 ambiant.

2577 5363 2858 5491 magis
2885 5373 3010 5421 sunt
3059 5378 3249 5421 versus
3294 5363 3372 5420 illi
3427 5365 3481 5421 in
3539 5367 3799 5425 Passione
3852 5369 4166 5439 Laurentii,

2829 5566 3074 5631 Quidquid
3097 5569 3340 5624 Quiritum
3362 5579 3596 5631 sueverat
3621 5607 3629 5612 .

2892 5628 3048 5692 om
3067 5632 3356 5692 simpuvium
3383 5629 3573 5690 Numa,

2890 5690 3067 5754 Qbristi
3093 5690 3414 5754 frequentans
3435 5693 3576 5750 atria,

2892 5750 3090 5813 Hymnis
3111 5750 3321 5815 resultat
3339 5760 3624 5815 martyrem.

2831 5812 2946 5877 ipsa
2964 5823 3017 5866 et
3033 5821 3234 5877 senatus
3253 5813 3451 5871 lumina,

2895 5873 3145 5938 Quondam
3168 5874 3376 5940 luperci,
3402 5881 3484 5926 aut
3502 5876 3750 5942 ﬂamines,
