4504 6414
306 448 409 505 669

304 648 447 719 quod
472 664 488 702 ε

799 731 938 780 Tunc
960 728 1042 777 ille
1079 732 1282 775 senatus

366 798 550 850 Militia;
573 796 760 846 ultricis
785 792 994 850 titulum,
1014 789 1301 850 Christique
1316 783 1587 850 verendum

364 848 555 911 ﬁumen
575 858 809 909 adoravit.
835 852 967 915 quod
982 848 1267 902 'coliucehat
1292 848 1339 895 in
1359 849 1523 894 armis.

307 972 423 1027 Lib.
453 986 512 1036 ll,
546 981 689 1023 vers.
714 963 841 1021 7H.
872 963 940 1018 de
969 960 1229 1016 militibus
1251 950 1571 1013 Christianis
1595 970 1608 1006 :

925 1072 1082 1125 Cruce
1103 1070 1246 1119 ii-outi

369 1142 624 1200 inscripta,
650 1140 881 1200 cecinere
905 1133 1235 1200 tubae,_prima
1258 1128 1652 1200 hastadracgnes

368 1189 651 1261 Praecurrit,
678 1212 789 1262 qute
807 1197 983 1248 Christi
1000 1189 1189 1257 apicem
1213 1193 1466 1243 sublimior
1485 1189 1647 1239 cllert.

310 1308 434 1363 llarc
468 1315 617 1363 certe
655 1320 760 1358 non
804 1308 1000 1371 negant
1042 1296 1381 1360 heterodoxi,
1412 1296 1521 1349 imo
1558 1292 1737 1361 plures
1764 1290 1901 1345 alios

306 1416 336 1455 ο
358 1398 456 1454 SS.
480 1396 730 1452 Patribus
758 1396 829 1449 ita
854 1402 910 1448 et
934 1393 1142 1446 locutos
1170 1388 1356 1452 fuisse,
1388 1397 1441 1442 et
1470 1386 1745 1440 factitasse
1777 1395 1903 1450 pro-

311 1493 550 1547 ﬁtentur.
585 1489 785 1544 Verum
808 1500 903 1541 eos
926 1497 1207 1554 perperam
1229 1489 1283 1537 et
1307 1477 1680 1549 superstitiose
1701 1474 1902 1530 dixisse

308 1592 362 1639 et
404 1581 601 1639 fecisse
638 1579 895 1643 clamant,
926 1588 1102 1645 neque
1143 1587 1243 1642 ego
1270 1568 1550 1626 nervosius
1579 1564 1901 1636 Magdebur-

309 1688 503 1746 genses
519 1671 689 1729 refelli
709 1684 867 1740 posse
885 1675 1031 1737 puto,
1050 1679 1210 1737 quam
1227 1663 1274 1718 si
1297 1663 1477 1718 omnia
1495 1662 1609 1717 loca
1629 1676 1694 1715 ex
1716 1671 1900 1713 eorum

312 1766 550 1824 llistoria
592 1764 990 1834 colligerentur,
1030 1757 1221 1829 quibus
1246 1755 1434 1812 Patres
1472 1753 1654 1810 steculi
1695 1768 1770 1815 tv,
1798 1768 1904 1823 quo

306 1859 499 1930 religio
538 1864 594 1913 et
632 1854 875 1909 doctrina
915 1850 1177 1907 catholica
1216 1848 1451 1903 maxime
1487 1846 1672 1917 viguit,
1703 1845 1905 1899 erroris

308 1960 364 2008 et
393 1911 789 2019 superstitionis
814 1958 1039 2013 arguere
1065 1958 1172 1997 non
1202 1950 1481 1996 verentur.
1513 1937 1731 2009 Optime
1758 1936 1902 1991 enim
1936 1911 1982 1971 Β

309 2048 510 2097 norunt
547 2039 837 2108 plerosque
872 2044 985 2090 tum
1018 2032 1197 2089 verbis
1224 2040 1337 2087 tum
1370 2032 1524 2087 factis
1566 2045 1686 2086 cum
1730 2029 1905 2084 nostri

314 2131 574 2199 temporis
621 2128 904 2185 catholicis
952 2126 1271 2191 convenire;
1322 2133 1483 2196 atque
1529 2124 1668 2180 adeo
1715 2136 1906 2178 omnes

312 2222 562 2294 populos,
590 2234 725 2290 quos
750 2218 1032 2282 docebant,
1064 2232 1198 2287 quos
1226 2216 1505 2285 regebant,
1533 2215 1724 2273 eodem
1755 2228 1908 2272 more

314 2314 518 2369 vixisse
544 2311 599 2367 in
628 2311 847 2366 dubium
880 2310 1065 2379 nequit
1093 2309 1335 2365 revocari
1369 2307 1466 2381 (a).

387 2405 509 2461 i55.
551 2403 694 2459 Idem
728 2403 868 2458 inter
896 2400 996 2458 SS.
1016 2399 1228 2467 Patres,
1256 2413 1393 2469 quos
1421 2398 1551 2455 nihil
1581 2400 1649 2455 de
1676 2399 1910 2469 primatu

317 2495 546 2554 Romani
585 2492 849 2565 pontificis
869 2493 1077 2548 dixisse
1100 2492 1251 2547 aiunt
1278 2490 1369 2562 (de
1390 2490 1587 2561 quibus
1612 2491 1744 2546 nihil
1768 2507 1912 2548 nunc

319 2591 386 2644 ad
420 2587 565 2658 nos).
598 2587 945 2644 Prudentium
979 2592 1221 2640 nostrum
1254 2592 1591 2639 enumerant.
1626 2584 1788 2654 Atqui
1823 2599 1911 2642 res

321 2682 596 2739 contrario
623 2680 783 2738 modo
809 2693 869 2735 se
890 2693 1112 2750 prorsus
1134 2678 1314 2734 habet.
1348 2676 1426 2733 En
1455 2677 1616 2733 verba
1640 2678 1911 2735 iortissimi

318 2775 575 2846 martyris
603 2772 894 2839 Laurentii,
926 2771 1118 2827 Perist.
1148 2771 1204 2841 2,
1233 2787 1376 2829 vers.
1408 2773 1515 2829 415
1540 2790 1551 2825 :

566 2886 607 2935 Ο
632 2883 843 2943 Christe,
869 2896 1052 2933 numen
1075 2886 1292 2941 unicum,

628 2946 669 3009 ο
693 2946 946 3009 splendor,
973 2953 1025 2996 et
1047 2948 1198 2995 virtus
1224 2947 1400 3009 Patris,

630 3007 671 3057 Ο
695 3008 846 3057 factor
865 3009 1013 3064 orbis,
1035 3016 1087 3057 et
1112 3008 1226 3070 poli,

628 3070 789 3131 Atque
815 3077 981 3131 auctor
1002 3070 1176 3118 horum
1197 3072 1446 3121 moenium.

565 3133 657 3192 Qui
683 3141 874 3191 sceptra
900 3130 1062 3180 Romae
1088 3132 1139 3179 in
1169 3134 1363 3183 vertice

633 3194 811 3243 Rerum
836 3192 1021 3249 locasti,
1047 3195 1277 3243 sanciens

412 3257 567 3329 112
602 3257 831 3329 blandum
872 3255 1105 3329 Quirinali
1135 3260 1265 3329 toga

624 3318 846 3378 Serv-ire,
872 3323 922 3365 et
946 3320 1090 3365 armis
1108 3319 1311 3370 cedere.

564 3384 627 3431 Ut
661 3381 1021 3439 discrepantum
1046 3379 1269 3440 gentium

631 3444 811 3499 Mores,
835 3449 884 3489 et
904 3441 1291 3501 observantiam,

629 3506 961 3563 magnasque.
992 3508 1044 3551 et
1068 3502 1288 3565 ingenia,
1312 3509 1362 3555 et
1389 3518 1520 3556 sacra

634 3568 753 3620 Unis
778 3565 1005 3617 domares
1026 3564 1251 3629 legibus.

570 3636 642 3687 En
673 3643 817 3679 omne
840 3632 932 3678 sub
955 3643 1164 3692 regnum
1189 3629 1330 3680 Remi

638 3694 845 3745 Mortale
868 3695 1107 3741 concessit
1134 3705 1294 3752 genus

642 3758 775 3807 idem
801 3754 1065 3814 loquuntur
1090 3754 1271 3805 dissoni

640 3820 797 3872 Ritus,
823 3816 867 3864 id
890 3818 1043 3877 ipsum
1066 3820 1305 3867 sentiunt.

575 3882 682 3932 Hoc
703 3880 1017 3935 destinatum,
1040 3891 1135 3939 quo
1153 3880 1307 3940 magis

643 3944 733 3992 Jus
769 3940 1024 3990 Christiani
1048 3942 1274 4004 nominis,

639 4008 942 4065 Quocunque
961 4010 1202 4065 terrarum
1221 4001 1371 4063 jacet,

640 4063 748 4117 Uno
779 4064 993 4125 illigaret
1021 4063 1231 4113 vinculo.

578 4130 671 4182 Da.
695 4128 910 4183 ChriSIe,
939 4126 1161 4174 Romanis
1187 4127 1285 4176 tuis

638 4192 713 4242 Sit
736 4191 1006 4240 Christiana
1036 4195 1089 4235 ut
1112 4189 1300 4250 civitas,

642 4254 742 4302 Per
764 4264 907 4313 quam
930 4249 1129 4307 dedisti,
1157 4256 1213 4313 ut
1232 4253 1431 4303 castoris

641 4311 894 4363 Mensuna
920 4324 1167 4361 sacrorum
1194 4311 1335 4364 foret.

579 4376 983 4428 Conlmderautur
1018 4374 1177 4424 omnia

405 4528 482 4599 (α)
524 4523 943 4599 Neque_animus
972 4533 1227 4599 nunc_est
1255 4538 1349 4599 eos
1385 4526 1659 4599 exagitare
1686 4530 1801 4599 qui,
1834 4531 1924 4587 ιιι.

1669 415 2200 475 PROLEGOMENA.

300 556 579 613 victoriam
611 562 797 607 contra
827 545 1153 605 Maxentium
1184 536 1424 611 exponit,
1457 532 1899 591 anima'ivertens
1926 536 1971 591 A

3485 395 3591 451 670

2313 526 2441 575 liinc
2465 525 2581 577 inde
2602 524 2820 575 membra
2846 525 2894 574 in
2918 526 3207 587 symbolum,

2316 590 2614 637 Mansuescit
2644 587 2775 635 orbis
2794 588 3037 647 subditus,

2316 650 2623 699 Mansuescat
2641 654 2693 697 et
2715 662 2955 697 summum
2978 656 3138 711 caput.

2250 712 2311 763 Et
2331 714 2428 769 iam
2450 722 2679 761 tenemus
2701 711 2901 759 obsides

2312 773 2594 822 Fidissimos
2618 772 2764 834 hujus
2787 774 2911 834 spei.

2314 836 2407 885 Hic
2431 846 2609 891 nempe
2628 833 2727 893 jam
2747 833 2957 893 regnant
2978 834 3079 883 duo

2315 896 2655 954 Apostolorum
2685 896 2946 956 principes.

2255 960 2397 1011 Alter
2422 962 2621 1008 vocator
2640 958 2884 1014 gentium,

2316 1019 2459 1069 Alter
2482 1018 2762 1081 cathedram
2789 1017 3047 1081 possidens

2317 1082 2550 1137 Primam,
2576 1078 3026 1128 recludit'crcditas

2313 1142 2617 1192 Eternitatis
2630 1141 2805 1203 januas
2824 1141 2915 1202 (b).

2622 1267 2855 1324 CAPUT
2896 1269 2989 1323 lX.

2007 1362 2150 1416 Male
2177 1360 2572 1428 reprehenditur
2605 1361 2918 1414 Prudentius
2952 1362 3087 1413 circa
3119 1361 3303 1429 dogma
3333 1359 3605 1422 libertatis,

2079 1441 2125 1486 et
2154 1432 2629 1501 interpretationem
2673 1432 2909 1496 Apostoli
2938 1433 3006 1484 ad
3040 1430 3286 1502 Ephesios
3313 1447 3431 1500 cap.
3460 1446 3535 1485 vr.

2089 1542 2245 1613 113
2293 1540 2419 1597 156.
2450 1541 2782 1597 Libertatem
2825 1541 3237 1609 indiﬂ'ercntiae,
3279 1550 3342 1597 ut
3378 1550 3609 1610 vocant,

2008 1633 2151 1704 quod
2190 1632 2496 1688 defenderit
2532 1630 2898 1698 Prudentius,
2946 1632 3377 1700 reprehensione
3417 1632 3610 1701 dignus

2011 1742 2117 1789 non
2146 1734 2253 1790 est,
2299 1724 2618 1779 nisiomnes
2644 1724 2711 1779 ad
2738 1740 2900 1778 unum
2950 1724 3048 1779 SS.
3080 1724 3268 1781 Patres
3313 1725 3609 1796 reprehen—

2000 1820 2235 1874 dantur.
2266 1818 2468 1873 Versus
2494 1818 2613 1887 ejus
2644 1826 2770 1874 sunt
2799 1818 3095 1889 Hamartig.
3123 1817 3250 1874 769.

2072 1932 2147 1982 En
2172 1933 2260 1981 tibi
2279 1933 2525 1992 signatum
2549 1930 2795 1980 libertatis
2818 1928 3181 1983 documentum.

2071 1995 2179 2053 Otto
2204 1989 2358 2043 voluit
2380 2006 2467 2042 n09
2490 1994 2621 2042 scire
2653 1992 2802 2048 Deus,
2826 1993 3155 2051 quodcunque
3182 1989 3491 2050 sequentium
3516 1993 3609 2039 est.

2072 2056 2176 2105 Sub
2198 2062 2360 2105 nostra
2384 2056 2571 2103 ditione
2597 2054 2765 2114 situm,
2793 2054 3070 2114 passimque
3104 2054 3365 2101 remissum

2070 2118 2374 2167 Alterutram
2398 2116 2591 2165 calcare
2619 2117 2763 2164 viam.
2788 2113 2901 2163 Duo
2917 2114 3100 2163 cedere
3123 2114 3243 2173 iussi

2072 2180 2150 2230 De
2172 2178 2425 2227 Sodomis:
2469 2177 2596 2226 alter
2619 2189 2674 2225 se
2686 2176 2919 2238 ,proripit,
2949 2177 3104 2238 altera
3130 2182 3329 2224 mussat.

2075 2241 2165 2290 ille
2192 2242 2395 2301 gradum
2420 2239 2612 2288 celerat
2634 2236 2849 2301 fugiens.
2885 2245 3053 2286 contra
3077 2236 3155 2301 illa
3180 2241 3396 2301 renutat.

2075 2296 2227 2351 Liber
2249 2302 2448 2361 utrique
2467 2296 2789 2361 animus,§od
2812 2300 2973 2360 dispar
2998 2300 3196 2361 utrique
3221 2296 3443 2361 voluntas

2076 2364 2260 2414 Dividit
2277 2358 2509 2412 huc'illuc
2533 2358 2734 2424 rapiens
2755 2373 2845 2410 sua
2870 2358 3123 2423 quemque
3150 2358 3317 2409 libido.

2016 2467 2251 2525 Marchio
2280 2467 2463 2537 Scipio
2494 2465 2772 2530 Mameius,
2806 2466 2861 2520 in
2892 2466 3030 2520 llist.
3062 2466 3238 2534 Grat.,
3281 2466 3423 2520 inter
3459 2472 3609 2520 cte'e

2017 2575 2107 2613 ros
2129 2559 2315 2613 Patres
2353 2558 2441 2627 qui
2473 2557 2795 2611 catholicam
2836 2556 3137 2613 doctrinam
3174 2556 3243 2611 de
3272 2557 3440 2625 gratia
3474 2565 3528 2611 et
3558 2556 3613 2610 li-

2019 2649 2151 2705 bero
2179 2647 2403 2703 arbitrio
2436 2646 2796 2711 tradiderunt,
2834 2646 3191 2703 Prudentium
3234 2646 3484 2701 collocat.
3520 2647 3603 2701 Da

2021 2741 2127 2797 niel
2152 2740 2401 2803 Huetius,
2434 2739 2488 2793 in
2512 2736 2872 2808 Origenianis,
2903 2736 3001 2793 lib.
3026 2753 3086 2803 ιι,
3110 2746 3302 2806 quaest.
3329 2738 3381 2801 7,
3408 2738 3618 2809 egregie

2018 2832 2267 2903 Origenis
2295 2831 2619 2887 sententiam
2650 2830 2718 2887 de
2744 2830 2994 2885 libertate
3022 2825 3399 2886 indiiferentire
3431 2839 3619 2884 contra

2020 2924 2329 2982 Cornelium
2375 2923 2692 2979 Jansenium
2744 2921 2985 2977 defendit
3040 2938 3109 2977 ex
3163 2922 3221 2979 S.
3278 2921 3619 2992 Augustino,

2022 3032 2181 3088 quem
2209 3032 2372 3071 unum
2414 3015 2574 3085 hujus
2602 3015 3026 3071 concertationis
3055 3014 3320 3070 arbitrum
3362 3016 3471 3070 vult
3503 3030 3623 3069 esse

2022 3108 2331 3163 Jansenius.
2366 3104 2588 3161 Gaudeo
2618 3106 2687 3159 ab
2727 3105 2810 3159 his
2853 3106 3183 3161 doctissimis
3224 3104 3531 3159 hominibus
3562 3120 3622 3159 ea

2026 3212 2146 3253 esse
2171 3197 2308 3251 dicta
2351 3212 2469 3265 qua:
2500 3211 2527 3248 a
2561 3212 2645 3250 me
2680 3211 2777 3265 pro
2819 3198 3113 3253 Prudentio
3152 3204 3335 3253 essent
3362 3194 3620 3259 dicenda,

1951 3291 1996 3355 ρ
2030 3302 2097 3341 ne
2126 3287 2352 3345 molesta
2385 3288 2680 3354 qumstione
2711 3288 2976 3357 implicer,
3009 3298 3065 3343 et
3094 3288 3371 3353 cramben,
3394 3288 3459 3340 ad
3490 3301 3624 3341 nau-

2021 3394 2170 3435 seam
2212 3378 2318 3447 jam
2362 3388 2632 3434 recoctam
2654 3418 2667 3443 ,
2714 3381 2813 3433 hoc
2844 3380 2962 3433 loco
3004 3388 3242 3444 repetam
3265 3419 3280 3444 ,
3308 3394 3615 3449 quanquam

2030 3473 2085 3526 in
2138 3472 2543 3525 commentariis
2597 3484 2819 3524 necesse
2874 3471 2976 3525 erit
3008 3470 3252 3535 quzcdam
3311 3470 3623 3540 adjungere.

2026 3562 2144 3621 Jaut
2173 3562 2417 3633 Apustoli
2446 3561 2621 3619 locum
2654 3576 2761 3619 non
2787 3561 2926 3620 male
2956 3561 3216 3621 dicendus
3248 3570 3332 3620 est
3357 3576 3629 3635 exponere

2032 3659 2357 3714 Prudentius
2380 3673 2500 3727 cap.
2531 3674 2580 3712 vt
2611 3658 2781 3727 Epist.
2809 3658 2875 3712 ad
2910 3658 3109 3728 Ephes.
3138 3676 3151 3712 :
3180 3656 3389 3713 Induite
3423 3674 3511 3712 vos
3540 3674 3630 3711 ar-

2036 3763 2289 3807 maturam
2322 3752 2445 3816 Dei,
2484 3760 2538 3805 ut
2565 3752 2775 3822 possitis
2818 3761 2956 3804 stare
2980 3752 3223 3805 adversus
3272 3751 3492 3805 insidias
3519 3751 3632 3804 dia-

2036 3846 2160 3899 boli.
2187 3844 2445 3909 Quoniam
2490 3858 2594 3897 non
2626 3853 2697 3897 est
2739 3844 2884 3897 nobis
2911 3844 3205 3897 colluctatio
3234 3844 3476 3897 adversus
3520 3860 3634 3897 car-

2037 3953 2169 4003 nem,
2192 3945 2239 3990 et
2261 3936 2583 4005 sanguinem,
2610 3934 2699 3988 scd
2715 3935 2958 3988 adversus
2983 3935 3237 4004 principes
3269 3942 3315 3987 et
3338 3942 3633 4003 potestates,

2033 4030 2281 4081 adversus
2324 4025 2505 4080 mundi
2554 4035 2775 4079 rectores
2824 4031 3146 4079 tenebrarum
3195 4031 3417 4091 harum,
3460 4032 3637 4076 contra

2033 4116 2291 4187 spiritalia
2333 4116 2572 4186 nequitiae
2615 4116 2668 4170 in
2696 4114 2999 4170 cwlestibus.
3043 4113 3367 4169 Prudentius
3412 4112 3637 4168 llatnar-

2033 4209 2131 4279 tig.
2167 4222 2317 4263 vers.
2348 4207 2474 4263 509.

2036 4319 2196 4392 114
2219 4328 2380 4392 Errat,
2403 4329 2483 4387 ait,
2510 4328 2595 4389 qui
2618 4326 2863 4392 luctamen
2886 4339 2993 4392 cum
3013 4326 3258 4392 sanguine
3277 4325 3436 4388 nobis,

2224 4389 2286 4441 Et
2309 4403 2474 4452 carne,
2498 4397 2549 4439 et
2580 4390 2718 4440 venis
2750 4389 3076 4447 ferventibus,
3103 4397 3154 4437 et
3179 4389 3353 4437 vitioso

2098 4535 2269 4601 Regna
2298 4537 2468 4587 volens
2504 4538 2695 4601 sociare
2722 4537 2876 4601 Deus,
2904 4537 3193 4599 sulijungiet‘
3219 4540 3301 4587 unt

338 4592 500 4671 minis
544 4592 831 4663 splendore
863 4592 1167 4671 praestricti,
1200 4595 1383 4650 oculos
1413 4592 1634 4671 om'nino
1675 4592 1929 4660 ciaudere
1956 4610 2010 4671 D
2097 4598 2117 4671 ξ

1523 4598 1634 4654 ιὶηο
1675 4592 1929 4660 ciandere
1956 4610 2010 4671 D
2097 4592 2340 4671 Imperio,
2357 4600 2590 4671 quidquid
2615 4592 2874 4671 tractabile
2895 4592 3113 4671 moribus
3146 4608 3302 4662 esset,

345 4670 645 4732 voluerunt,
678 4674 732 4719 et
761 4675 942 4733 aperta
974 4664 1070 4719 SS.
1090 4667 1303 4720 Palmm
1328 4668 1630 4724 testimonia
1660 4673 1774 4726 ausi
1804 4682 1930 4728 sunt

338 4751 704 4803 corrumpere,
731 4744 785 4788 ut
808 4735 1068 4804 Georgius
1087 4736 1383 4801 Fabricius,
1410 4740 1497 4806 qui
1526 4740 1579 4794 in
1604 4744 1843 4799 carmine
1869 4745 1935 4800 de

344 4808 601 4863 Passione
622 4806 829 4860 Domini
862 4806 999 4859 inter
1024 4807 1295 4862 Lactantii
1313 4824 1475 4878 opera
1502 4826 1597 4878 pro
1622 4812 1705 4866 his
1732 4815 1934 4881 verbis,

406 4899 583 5009 Elle‘cl'tla'
599 4912 753 4960 genu,
780 4898 1062 4961 lignumque
1082 4902 1240 4951 crucis
1259 4901 1545 4953 venerabile
1572 4904 1717 4953 adora

470 4977 493 5008 ti
520 4977 546 5007 η
574 4975 632 5009 is.

480 4997 632 5020 Α11111υ⁹

346 5044 650 5111 supposuit,

409 5133 581 5198 ljlcctc
607 5146 764 5198 genu,
783 5134 988 5184 innocuo
1014 5139 1295 5198 terramque
1318 5150 1495 5188 cruore
1516 5140 1797 5191 madentem

411 5196 511 5246 Ore
553 5204 732 5256 petens
754 5195 945 5245 humili.

353 5321 700 5396 Prtestitisset,
722 5320 796 5373 ait
820 5318 1186 5396 Jo._Alberttts_
1199 5323 1498 5396 Fabricius,
1518 5327 1761 5396 quamvis
1798 5332 1947 5385 hete-

348 5392 604 5454 rodoxns,
638 5390 751 5462 lib.»
773 5406 822 5462 tv
855 5390 990 5444 Bihl.
1032 5404 1138 5446 ve'.
1172 5393 1286 5447 Lat.
1332 5411 1447 5462 cap.
1478 5390 1946 5459 2,'G.Fubricium

349 5463 541 5537 passim
590 5472 693 5513 tum
734 5460 846 5537 hic,
880 5471 1027 5537 _tnm_
1050 5462 1180 5537 alibi
1226 5482 1326 5518 non
1366 5460 1440 5519 ita
1474 5467 1636 5537 fuisse
1674 5470 1726 5525 in
1764 5472 1947 5525 alienis

349 5532 607 5603 operibus,
639 5546 752 5599 qua:
777 5532 976 5603 edebat,
1010 5532 1349 5603 ingeniosum.

426 5601 502 5675 (b)
528 5600 645 5655 Lib.
676 5616 713 5655 ιι
745 5604 796 5654 in
823 5601 995 5672 Sym.,
1030 5600 1171 5657 vers.
1206 5602 1347 5659 582:

414 5736 500 5801 γῆς
520 5736 695 5797 dicam,
719 5749 831 5801 qua:
850 5749 996 5801 causa
1014 5743 1141 5797 tuos,
1166 5738 1403 5801 Romane,
1439 5741 1638 5797 labores

418 5798 471 5847 ltt
496 5796 971 5861 tanturn’eitulerit‘?
993 5796 1137 5861 queis
1160 5800 1313 5861 gloria
1341 5796 1516 5853 fotibus
1538 5814 1676 5855 aucta

414 5862 494 5929 Sic
515 5859 663 5929 cluat,
690 5860 925 5929 impositis
947 5859 1443 5929 utmundumgfrenct
1470 5866 1717 5929 habenis?

414 5919 680 5971 Discordes
704 5919 885 5982 linguis-
901 5922 1123 5984 populoa,
1150 5932 1200 5977 et
1228 5925 1418 5978 dissona
1441 5926 1576 5979 calzu

2106 4660 2443 4722 Concordique
2463 4662 2583 4722 jugo
2604 4661 2872 4722 retinacula
2898 4660 3056 4709 mollia
3081 4660 3212 4711 ferre

2103 4721 2383 4783 Constituit,
2412 4721 2509 4783 quo
2530 4721 2675 4771 Corda
2702 4721 2952 4771 hominum
2979 4724 3231 4783 conjuncta
3256 4728 3458 4773 teneret

2105 4782 2397 4844 Helligionis
2419 4782 2581 4846 amor:
2613 4794 2706 4832 nec
2742 4786 2873 4832 enim
2906 4784 2955 4831 tit
2980 4782 3150 4846 COpllla
3176 4782 3368 4833 Christo

2106 4846 2286 4907 Digna,
2315 4847 2405 4894 nisi
2424 4844 2681 4906 implicitas
2702 4846 2851 4894 societ
2876 4858 3017 4894 mens
3035 4844 3175 4893 unica
3202 4854 3399 4905 gentes.

2104 4907 2209 4969 {ioc
2233 4915 2392 4956 actum
2420 4916 2493 4956 est
2518 4908 2665 4955 tantis
2681 4908 2987 4969 successibus
3014 4913 3160 4967 atque
3188 4908 3444 4969 triumphis

2107 4966 2311 5017 Romani
2337 4971 2525 5029 imperii
2550 4983 2562 5016 :
2600 4968 2789 5018 Christo
2812 4968 2907 5028 jam
2933 4975 3032 5016 tum
3060 4966 3278 5029 venienti

2109 5030 2289 5091 Crede,
2319 5028 2483 5091 parata
2510 5032 2584 5077 via
2606 5037 2712 5081 est:
2748 5043 2893 5090 quam
2924 5029 3106 5091 dudum
3131 5028 3322 5091 publica
3347 5036 3528 5080 nostra

2108 5091 2250 5141 Pacis
2272 5089 2479 5142 amicitia
2503 5093 2684 5139 struxit
2708 5089 3046 5140 moderamine
3066 5089 3249 5140 liotore.

2107 5152 2180 5202 En
2206 5156 2347 5214 ades,
2373 5154 2712 5213 Omnipotens,
2734 5153 3062 5201 com-ordibus
3082 5154 3231 5201 inﬂue
3256 5154 3403 5201 terris
3429 5169 3439 5201 :

2108 5214 2217 5263 Jatn
2242 5214 2449 5263 mundus
2474 5222 2541 5271 te,
2567 5214 2780 5271 Christe,
2804 5216 2951 5273 capit,
2975 5228 3124 5275 quem
3152 5227 3403 5276 congrege
3426 5228 3561 5264 nexu

2112 5277 2237 5387 Eax,
2274 5276 2502 5385 etlﬂoma
2525 5282 2733 5326 tenent:
2761 5279 2921 5341 capita
2946 5274 3071 5338 hac,
3096 5284 3149 5325 et
3164 5274 3375 5326 culmina
3390 5290 3561 5328 rerum

2157 5350 2236 5387 888
2280 5353 2329 5387 ill
2350 5351 2440 5386 tes.

2157 5350 2236 5387 sse
2276 5350 2440 5400 iubes.

2051 5422 2118 5477 Et
2145 5436 2291 5477 vers.
2315 5421 2419 5475 660
2438 5419 2604 5474 Roma
2629 5419 2696 5475 de
2725 5420 2906 5485 seipsa
2937 5438 2949 5473 :

2112 5510 2253 5560 Nunc
2280 5523 2407 5558 nunc
2430 5510 2557 5572 iusta
2583 5511 2710 5557 meis
2734 5511 3019 5572 reverentia
3043 5510 3278 5571 competit
3302 5509 3463 5572 annis,

2119 5572 2261 5622 Nunc
2285 5572 2463 5621 merito
2482 5571 2616 5619 dicor
2643 5570 2962 5632 venerabilis,
3000 5580 3053 5621 et
3071 5570 3216 5635 caput
3238 5574 3390 5622 orbis.

1958 5634 1959 5637 Ἴ
2056 5656 2112 5713 1η
2139 5656 2395 5711 Passioue
2423 5655 2721 5725 Hippolyti,
2750 5669 2894 5709 vers.
2921 5653 2991 5711 29
3016 5672 3033 5711 :

2300 5747 2503 5810 Fugite,
2531 5761 2561 5795 ο
2584 5750 2771 5812 miseri,
2794 5750 3100 5812 exsecranda
3120 5750 3298 5800 Novati

2182 5811 2453 5875 Schismata
2479 5824 2489 5857 :
2518 5810 2771 5875 catholicis
2792 5810 2985 5861 reddite
3012 5825 3097 5875 vos
3121 5811 3332 5875 populis.

2126 5872 2227 5922 l’na
2254 5870 2584 5936 lidesivigeat,
2610 5872 2770 5936 prisco
2800 5885 2911 5933 quae
2938 5870 3135 5923 condita
3157 5870 3339 5936 templo
3363 5879 3473 5936 est;

2185 5937 2340 5989 Quam
2362 5931 2543 5984 l'aulus
2568 5934 2775 5993 retinet,
2801 5931 3045 5998 Quamque
3070 5931 3301 5987 cathedra
3328 5934 3481 5986 Petri.
