4322 6402
629 412 724 470 671

688 523 830 606 tem
851 529 1007 606 ρυέιο
1027 514 2029 606 αιίρίηξξμξεὲιῑιε.ετεεαξξ,φεὲιὲἒίξσε

731 597 794 635 on
817 580 1036 635 mentem
1058 596 1145 634 sua
1168 580 1381 632 membra
1461 588 1648 634 emunt.
1680 592 1772 628 nec
1793 585 1963 628 terrea
1988 580 2142 626 tirtus

685 584 952 696 gannitu“
969 657 1142 694 sextans
1164 640 1383 696 liquidos.
1402 593 1602 690 grauate
1622 637 1831 689 lacessit.

831 653 952 707 gnat
969 657 1142 710 corpus
1164 640 1383 710 liquidos,
1404 637 1831 710 bellat'eiacesslt.

689 701 793 766 sea
813 701 922 756 cum
944 706 1189 766 spiritibus
1211 701 1490 752 tenebrosis
1513 708 1657 750 nocte
1678 701 1864 763 dieque

690 764 1063 830 Congrediuiur.

1079 823 1238 873 Facile
1263 827 1340 872 est
1361 820 1560 872 frenare
1582 820 1803 872 rebelles

691 886 907 937 Adetius
941 885 1119 934 carnis.

688 947 847 1008 μειοῖ
858 947 988 996 inest
1008 948 1084 996 vis
1107 944 1184 994 illa
1204 944 1413 1008 homini,
1428 957 1539 1006 qua:
1562 943 1715 994 ﬂatile
1732 943 1863 994 virus

689 1004 894 1069 ingerit,
922 1014 975 1056 et
998 1013 1197 1056 tenuem
1221 1005 1359 1056 teuui
1393 1004 1511 1056 fel-it
1532 1017 1650 1055 aere
1675 1014 1912 1055 mentem.

628 1106 806 1186 Neque
843 1107 1164 1164 Prudentius
1190 1123 1406 1164 omnem
1439 1107 1651 1179 culpam
1693 1109 1744 1163 in
1776 1107 2079 1163 demastem
2109 1121 2200 1162 re-

629 1197 758 1266 iicit,
779 1199 875 1255 sed
913 1214 1103 1271 magna
1142 1215 1205 1256 ex
1242 1210 1394 1272 parte
1420 1199 1487 1255 ad
1513 1200 1693 1256 cordis
1719 1198 1991 1270 animique
2023 1207 2202 1256 motus

629 1287 860 1345 rebelles
889 1298 1107 1346 revocat
1132 1304 1272 1346 vers.
1304 1288 1432 1346 553.

687 1399 788 1453 Sed
826 1402 943 1466 quid
988 1414 1084 1466 ego
1119 1413 1264 1452 omne
1299 1400 1481 1450 malum
1522 1401 1811 1465 mundique,
1848 1398 2196 1466 hominumque

685 1519 1165 1596 Εοαιῖμυηνίάίεψ
1185 1521 1454 1596 deum?”
1473 1519 1500 1596 τ
1520 1534 1631 1572 cum
1650 1522 1773 1596 φοι·
1792 1461 2136 1596 m‘f‘”5““‘

685 1582 757 1633 Ex
783 1585 958 1633 nam
974 1592 1197 1633 concreta
1219 1582 1410 1643 animis,
1432 1595 1611 1646 genus,
1637 1591 1688 1634 et
1710 1591 1875 1648 caput,
1905 1592 1958 1634 et
1985 1585 2103 1648 vim,

685 1643 809 1684 Ouid
827 1647 941 1684 sint-
971 1645 1088 1684 nuit]
1113 1644 1320 1684 vulsum-
1344 1652 1535 1684 mutant
1561 1645 1625 1684 dat
1644 1645 1794 1684 media
1813 1649 2003 1684 narranti
2021 1646 2047 1684 9

684 1643 809 1750 Quid
827 1647 944 1705 sint,
971 1645 1090 1705 quid
1113 1644 1322 1703 valeant,
1344 1643 1538 1695 anniaut
1561 1645 1626 1695 de
1644 1643 1794 1694 corde
1813 1643 2003 1708 parenti
2021 1646 2047 1697 ?
2085 1643 2098 1648 ⁷

681 1703 772 1767 ile
789 1704 988 1767 quidem
1019 1703 1175 1754 fomes
1197 1715 1486 1760 nostrarum.
1515 1712 1570 1767 et
1590 1718 1734 1755 ausa
1753 1705 1986 1755 malorum
2011 1714 2105 1758 est.

684 1764 786 1830 _S_ed
807 1764 990 1830 tantum
1013 1767 1212 1816 turbare
1237 1773 1416 1830 potest,
1441 1773 1525 1817 aut
1545 1766 1736 1829 fallere,
1758 1775 1991 1829 quantum

681 1823 781 1875 Nos
813 1823 1087 1878 volumus...
1238 1823 1252 1830 ’
1402 1823 1411 1826 ⁷
1721 1823 1730 1829 ⁷
1776 1823 1791 1829 ’

683 1885 941 1950 Glgnimus
961 1899 1108 1938 omne
1129 1887 1306 1937 malum
1332 1888 1528 1952 proprio
1546 1887 1610 1938 de
1631 1900 1840 1952 corpore
1856 1895 2096 1941 nostrum.

623 1985 877 2058 Plerique
919 1987 1360 2057 interpretantur,
1407 1989 1646 2058 Apastall
1675 1990 1895 2056 verbis,
1944 1990 2200 2046 Adversus

624 2090 830 2131 carnem
857 2085 906 2133 et
933 2079 1252 2151 sanguinem,
1283 2079 1526 2136 homines
1572 2079 1818 2151 intelligi.
1844 2081 1903 2138 S.
1932 2081 2198 2155 Hierony-

626 2180 748 2222 mus
767 2165 833 2221 ad
857 2181 921 2223 ea
947 2166 1107 2222 verba
1155 2167 1426 2223 Prudentii
1470 2168 1964 2240 interpretationem
1996 2171 2195 2242 refert,

626 2269 728 2312 nec
747 2253 955 2311 videtur
974 2255 1231 2313 damnare
1257 2257 1358 2330 (a).
1389 2257 1471 2314 Cl.
1497 2257 1716 2316 Teolius
1736 2261 1788 2316 in
1812 2272 2102 2319 comment.
2129 2265 2197 2319 ad

552 2383 558 2388 ρ
621 2343 763 2402 hunc
805 2343 1079 2402 Prudentii
1109 2347 1285 2405 locum
1317 2349 1549 2416 notavit,
1583 2349 1785 2406 Estium
1823 2354 2103 2410 sententiae
2135 2355 2194 2411 S.

625 2433 773 2490 Pauli
798 2449 903 2492 non
930 2435 1090 2490 alium
1117 2438 1561 2494 commentarium
1582 2438 1892 2498 adhibuisse
1915 2458 2075 2514 quam
2098 2443 2198 2500 bos

624 2534 795 2596 poeta
823 2526 991 2581 nostri
1020 2541 1209 2584 versus
1234 2543 1368 2597 quos
1389 2530 1442 2584 in
1471 2543 1537 2584 ea
1573 2532 1804 2588 maxime
1832 2534 2196 2600 commendat,

620 2615 763 2685 quod
793 2617 1013 2672 mundus
1026 2617 1345 2672 tenebrarum
1371 2618 1556 2674 harum
1583 2620 1794 2678 dicatur
1815 2637 1938 2678 esse
1967 2624 2198 2680 mundus

620 2705 710 2762 hic
742 2706 982 2775 interior,
1017 2707 1373 2776 turbulentus,
1409 2718 1569 2779 atque
1595 2712 1945 2783 caliginosus,
1972 2715 2060 2769 cui
2087 2716 2199 2770 dte-

617 2811 806 2855 mones
830 2799 1102 2870 praepositi
1148 2809 1276 2855 sunt
1314 2802 1505 2858 merito
1532 2806 1974 2875 transgressionis
2003 2808 2198 2862 huma-

617 2903 704 2944 ne
725 2927 742 2943 .
769 2888 888 2944 sive
923 2888 990 2944 ad
1023 2890 1304 2946 tentandos
1333 2890 1607 2956 homines,
1637 2892 1750 2950 slve
1779 2894 1844 2949 ad
1889 2897 2191 2953 nocendum

617 2979 715 3036 eis.
751 2982 908 3054 us
937 2981 1096 3038 Certe
1127 2982 1304 3038 Estius
1333 2983 1470 3040 hanc
1498 2984 1954 3056 interpretationis
1985 2999 2192 3060 partem

619 3071 892 3127 Prudentii
921 3075 1238 3146 auctpritate
1263 3076 1600 3144 corroborat,
1630 3093 1862 3151 eumque
1892 3089 2048 3138 vocat
2073 3099 2195 3152 poe-

619 3173 724 3219 tam
774 3163 1084 3236 theologum.
1135 3166 1239 3224 Sed
1269 3167 1322 3222 in
1352 3169 1519 3238 prima
1567 3179 1620 3226 et
1669 3171 1936 3241 praecipua
1984 3182 2191 3243 partea

618 3256 908 3313 Prudentia
943 3257 1206 3327 dissidet,
1235 3267 1290 3314 et
1320 3259 1481 3314 vtvrba
1524 3275 1638 3314 cum
1667 3277 1822 3315 carne
1855 3274 1902 3317 et
1941 3266 2192 3335 sanguine

618 3349 841 3420 intelligi
871 3349 987 3407 vult
1029 3365 1135 3406 non
1165 3349 1233 3407 de
1260 3353 1737 3423 concupiscentiis,
1769 3355 1864 3412 sed
1899 3357 1968 3414 de
2016 3357 2190 3414 liomi-

618 3437 795 3496 nibus.

1227 3533 1453 3591 CAPUT
1494 3535 1559 3590 X.

618 3619 792 3676 Lectio
819 3623 1057 3680 editionis
1091 3625 1322 3694 Vulgata!
1357 3624 1487 3680 Gen.
1523 3641 1601 3696 Ill,
1627 3626 1716 3695 15,
1752 3627 1816 3683 Et
1837 3629 1948 3701 ipsa
1967 3640 2190 3688 conteret

685 3720 839 3782 caput
870 3723 1044 3781 tuum,
1075 3715 1342 3787 insigniter
1371 3732 1434 3770 ea:
1458 3714 1744 3772 Prudentia
1772 3720 2094 3790 confirmata.

687 3803 812 3858 157.
853 3804 1114 3874 Objicitur
1143 3817 1398 3874 praeterea
1426 3806 1736 3873 Prudentia,
1762 3810 1906 3880 quod
1935 3811 2072 3868 Gen.
2107 3827 2183 3880 tu,

618 3892 700 3959 I5,
724 3908 786 3948 ea
806 3895 966 3950 verba
995 3896 1203 3965 legerit,
1233 3912 1350 3966 quae
1377 3913 1519 3952 nunc
1546 3914 1731 3954 revera
1755 3900 1809 3955 in
1835 3901 2054 3971 Vulgata
2073 3903 2186 3959 edi-

610 3983 758 4040 tione
795 3983 1074 4054 leguntur:
1103 3983 1408 4041 Inimicitias
1442 4005 1628 4055 ponam
1669 3990 1800 4044 inter
1846 4001 1894 4044 te
1932 4001 1977 4046 et
2003 3994 2184 4049 mulie-

612 4066 742 4146 rem,
760 4089 809 4134 et
832 4096 1001 4134 semen
1023 4089 1186 4144 tuum,
1209 4090 1256 4134 et
1270 4098 1441 4136 semen
1461 4082 1601 4136 illius
1621 4100 1637 4138 :
1659 4085 1772 4152 ipsa
1787 4095 2009 4140 conteret
2033 4096 2186 4157 caput

611 4181 778 4236 tuum,
809 4178 857 4224 et
886 4179 940 4223 tu
968 4169 1288 4224 insidiaberis
1326 4173 1557 4227 calcaneo
1579 4178 1709 4244 ejus.
1741 4174 2061 4232 Prudentius
2090 4176 2187 4232 Ca-

611 4261 954 4316 tliemerinan
985 4261 1040 4325 3,
1065 4273 1207 4315 vers.
1242 4259 1333 4316 121
1361 4278 1376 4315 :

784 4368 983 4433 Conscia
1006 4367 1143 4433 culp:
1181 4368 1340 4433 Deum
1374 4373 1592 4433 pavitans

846 4430 984 4494 Sede
1005 4431 1081 4494 pla
1097 4430 1270 4494 procul
1291 4430 1530 4494 exigitur.

850 4490 1031 4556 innuba
1053 4490 1363 4556 feminaque
1383 4490 1563 4556 l’uerat,

847 4551 1074 4618 gonjugis
1094 4551 1282 4618 excipit
1298 4551 1573 4618 imperium,

847 4612 1236 4678 Ftederatristia
1262 4612 1395 4678 jussu
1420 4619 1536 4678 pati.

787 4673 828 4724 Δ
846 4682 964 4723 tctor
989 4681 1040 4722 et
1064 4674 1170 4734 ipse
1195 4675 1291 4723 doli
1314 4673 1514 4728 coluber

847 4735 1083 4796 Plectitur
1101 4735 1364 4796 improbus,
1385 4748 1436 4788 ut
1460 4740 1638 4791 mulier

841 4794 973 4846 Calla
997 4793 1244 4857 trilinguia
1262 4793 1396 4848 calce
1419 4807 1561 4852 lerat.

674 4963 748 5040 ta)
781 4962 932 5040 Dicat
949 4968 1200 5040 quispiam
1224 4985 1244 5024 :
1275 4970 1390 5025 Hoc
1413 4974 1571 5040 quod,
1595 4973 1666 5026 ait
1685 5016 1700 5037 ,
1739 4992 1757 5027 ι
1785 4973 1907 5030 Non
1932 4986 2004 5030 est
2028 4981 2170 5036 nobis

602 5034 890 5113 colluctatio
913 5034 1150 5094 adversus
1193 5034 1489 5110 sanguinem
1515 5034 1567 5095 et
1596 5034 1823 5106 carnem.
1863 5065 1881 5097 ο
1908 5056 2026 5108 etc..
2054 5034 2167 5104 ideo

602 5105 702 5184 dici
723 5115 773 5156 ut
803 5105 1098 5175 doceamur,
1136 5126 1197 5164 ne
1223 5105 1529 5180 ervquident,
1562 5130 1679 5184 qua
1707 5105 1852 5168 nobis
1893 5105 2169 5174 ministrari

600 5174 980 5255 vitiaputamus
1006 5193 1068 5255 es
1087 5174 1269 5255 carne,
1293 5174 1464 5236 carnis
1485 5174 1613 5255 esse
1650 5188 1725 5238 uel
1750 5187 2012 5255 sanguinis
2031 5229 2044 5250 ,
2079 5190 2168 5242 sed

599 5259 630 5294 a
658 5245 955 5326 quibusdam
974 5249 1322 5326 spiritualibus
1345 5254 1577 5326 nequitiis
1605 5245 1875 5324 suggerif.
1909 5245 2043 5322 Quia
2061 5261 2165 5313 vult

599 5327 741 5389 ergo,
772 5318 934 5389 aiunt,
963 5318 1232 5387 Apostolus
1253 5337 1343 5374 nos
1383 5318 1582 5389 docere,
1615 5318 1720 5378 non
1753 5342 1816 5380 ea:
1837 5318 2022 5380 natura
2050 5343 2167 5382 cor-

601 5385 738 5449 poris
764 5386 900 5438 etde
925 5385 1143 5464 materia
1164 5392 1343 5464 carnis
1385 5401 1430 5445 et
1465 5385 1732 5464 sanguinis
1780 5395 1887 5449 lure
1929 5398 2165 5452 vitiorum

601 5466 781 5535 genera
794 5459 1070 5535 procreari,
1084 5459 1173 5511 sed
1184 5461 1430 5535 instinctu
1445 5459 1753 5524 da’nionunt.
1777 5477 2043 5535 prapterea
2069 5471 2162 5533 ait,

602 5519 724 5604 lion
753 5519 1010 5605 estnnobis,
1034 5519 1140 5605 etc.
1175 5526 1300 5605 Ideo
1331 5540 1498 5583 autem
1526 5548 1660 5586 nunc
1692 5519 1975 5605 eorsmrqui
2004 5519 2168 5605 mutii1

601 5591 672 5674 cis
699 5591 923 5674 infelices
945 5597 1139 5674 artibus
1156 5600 1399 5664 serviunt,
1429 5609 1478 5674 et
1507 5605 1673 5670 facere
1697 5606 1794 5658 ista
1812 5591 2160 5674 per-hibentu'r,

601 5663 828 5744 exempla
847 5668 1150 5744 protulimus
1165 5708 1190 5744 ,_
1214 5677 1269 5720 ut
1298 5663 1627 5744 retundamus
1655 5663 1828 5727 eorum
1871 5663 2163 5744 opinionem

599 5731 684 5847 qui
707 5731 886 5797 putant
912 5737 1080 5789 omnia
1104 5737 1223 5789 sitia
1253 5755 1358 5792 esse
1381 5740 1550 5794 carnis
1574 5750 1619 5795 et
1649 5731 1935 5825 sanguinis,
1969 5755 2014 5798 et
2046 5731 2164 5801 nul?

623 5815 704 5852 am
727 5797 910 5856 haben
930 5806 1179 5862 dtemones
1200 5817 1518 5872 potestatem.
1545 5821 1596 5866 ut
1621 5829 1709 5868 nos
1729 5824 1934 5870 malent
1958 5817 2025 5869 ad
2041 5834 2160 5882 pec.

2002 398 2464 459 PRUDENTIUS.

2231 511 2283 570 Α

3783 402 3890 458 δί

3829 435 3844 455 Ι

3829 435 3844 455 Ι

2553 507 2637 560 Sic
2655 506 2858 558 coluber
2879 506 3122 559 muliebre
3143 507 3299 558 solum

2555 569 2779 630 Suscipit,
2804 578 2954 632 atque
2970 573 3122 620 virum
3140 571 3331 621 mulier.

2495 629 2619 693 Ecce
2637 629 2778 693 venit
2812 629 2933 693 nova
2956 632 3235 693 progenies,

2441 745 2448 754 ,
2556 691 2761 754 βψω
2780 691 3000 752 ρωύἱιιί
3019 691 3144 754 alter
3163 693 3322 749 homo.

2555 751 2880 816 lionjuteua,
2909 754 3043 802 velut
3067 753 3151 803 ille
3174 759 3328 816 prior,

2549 814 2648 876 Sed
2669 811 2807 863 Deus
2835 811 2939 876 ipse
2957 826 3140 874 gerens
3171 811 3429 865 hominem.

2550 873 2905 937 corporeisque
2936 873 3110 924 carens
3128 876 3278 937 vitiis.

2491 935 2706 999 Pitcaro
2735 935 2911 997 vivida,
2934 947 3096 999 sertno
3123 936 3302 999 Patris,

2550 995 2928 1060 ﬁuminequem
2951 995 3181 1060 rutilante
3199 995 3363 1060 gravis

2551 1055 2656 1119 lion
2678 1055 2906 1119 thalamo,
2933 1070 3099 1119 neque
3121 1055 3230 1115 iure
3259 1063 3372 1119 tori,

2549 1116 2655 1179 Nec
2674 1116 2949 1179 gettislibus
2973 1116 3217 1179 illecebris

2551 1177 2849 1241 intemerata
2871 1178 3032 1241 puella
3057 1183 3202 1241 parit.

2485 1238 2592 1289 Hoc
2614 1240 2779 1293 odium
2804 1238 2948 1290 vetus
2972 1238 3088 1289 illud
3113 1247 3237 1300 erat,

2543 1300 2989 1366 ljacerataspidis,
3012 1308 3160 1366 atque
3183 1302 3391 1352 hominis

2549 1360 2876 1427 pigladiabtle
2904 1360 3176 1427 dissidiitm,

2547 1421 2685 1493 Quod
2711 1422 2855 1493 modo
2879 1435 3058 1493 cernua
3081 1421 3308 1493 femineis

2547 1483 2728 1546 Vipera
2753 1486 3020 1546 proteritur
3039 1484 3265 1546 pedibus.

2486 1541 2649 1608 Edere
2671 1541 2880 1608 namque
2911 1541 3066 1594 Deum
3094 1549 3269 1608 merita

2548 1603 2722 1669 Qmuia
2739 1603 2877 1669 virgo
2895 1619 3085 1656 venena
3102 1605 3263 1669 doth
3278 1619 3297 1655 ε

2543 1664 2802 1730 grauibus
2816 1664 2998 1730 'anguis
3016 1667 3312 1730 inexplicitis

2549 1726 2698 1790 Virus
2733 1726 2924 1778 inerme
2947 1729 3090 1790 piger
3113 1726 3319 1780 revomit

2549 1787 2779 1840 Gramine
2793 1787 3023 1840 concolor
3037 1791 3088 1838 in
3109 1790 3268 1840 viridi.

2227 1863 2270 1923 Β
2302 1889 2440 1959 Quid
2472 1890 2730 1948 illustrius
2748 1891 2816 1947 ad
2838 1891 3078 1962 Vulgata:
3104 1891 3391 1949 lectionem
3419 1892 3876 1950 confirmandam!

2304 1980 2438 2048 Quid
2461 1981 2658 2037 clarius
2685 1979 2754 2037 ad
2781 1981 3176 2037 immaculatam
3205 1980 3451 2054 Deipara:
3473 1984 3879 2054 conceptionem

2302 2069 2669 2125 stabiliendum
2696 2069 2722 2123 ἲ
2761 2069 2922 2126 Aiunt
2955 2070 3189 2127 heretici
3233 2072 3577 2129 Prudentium
3607 2075 3880 2145 exemplar

2255 2214 2257 2216 .
2301 2159 2513 2230 aliquod
2553 2170 2863 2230 corruptum
2907 2175 3181 2217 sacrorum
3219 2161 3478 2218 librarum
3519 2164 3728 2234 legisse.
3768 2161 3878 2222 Sed

2308 2263 2406 2305 cur
2430 2259 2740 2321 corruptum
2780 2251 2907 2307 illud
2937 2259 3054 2308 erat
3092 2253 3404 2324 exemplari
3429 2255 3554 2325 quia
3582 2255 3788 2311 scilicet
3813 2269 3877 2312 ea

2299 2341 2465 2398 verba
2488 2342 2558 2398 ibi
2587 2343 2734 2414 legit,
2774 2359 2892 2414 qua:
2923 2343 3021 2415 ipsi
3055 2345 3260 2400 nollent
3285 2343 3505 2414 scriptu.
3538 2345 3613 2401 lta
3643 2364 3747 2402 nun
3773 2348 3875 2403 alia

2298 2435 2508 2491 ratione
2538 2437 2671 2491 tueri
2703 2444 2949 2506 possunt,
2993 2436 3278 2492 lectionem
3313 2435 3550 2506 Vulgata
3593 2451 3714 2494 esse
3757 2452 3876 2493 car-

2298 2533 2542 2595 ruptam,
2569 2524 2671 2580 nisi
2701 2525 2967 2580 afllrment
2988 2570 3004 2595 ,
3029 2526 3141 2596 jam
3173 2541 3227 2581 tv
3269 2527 3472 2583 seculo
3527 2527 3874 2584 Prudentium

2297 2622 2519 2670 autuno
2565 2624 2656 2670 aut
2703 2616 2943 2684 pluribus
2991 2617 3385 2687 exemplaribus
3420 2621 3686 2689 corruptis
3721 2634 3874 2674 nsum

2299 2705 2487 2762 fuisse.
2508 2705 2687 2775 Quid?
2710 2708 2852 2778 quod
2876 2708 3252 2777 interpretatio
3276 2724 3305 2766 a
3332 2708 3617 2766 Prudentia
3635 2710 3875 2766 adhibita

2295 2799 2426 2853 satis
2456 2798 2762 2867 persuadet,
2805 2814 2912 2854 non
2934 2798 3108 2855 solum
3130 2800 3241 2869 jam
3270 2808 3397 2855 tunc
3423 2803 3619 2871 passim
3646 2799 3714 2856 ita
3743 2801 3871 2872 legi,

2295 2889 2390 2944 sed
2419 2889 2581 2945 etiam
2609 2889 2675 2944 ad
2699 2889 2760 2944 Β.
2789 2889 3093 2960 Virginem,
3135 2890 3306 2944 omnia
3333 2906 3524 2946 uenena
3554 2891 3874 2959 «latitantem,

2295 2980 2430 3050 quod
2471 2979 2639 3038 Deum
2684 2980 2833 3036 edere
2880 2981 3062 3034 merita
3091 2982 3276 3050 fuerit,
3305 2981 3413 3042 ,boc
3454 2991 3564 3048 est,
3605 2983 3723 3036 sine
3757 2983 3874 3037 labe

2297 3080 2644 3141 conceptam,
2695 3070 2871 3126 locum
2921 3071 3071 3125 illum
3109 3071 3265 3142 ne
3303 3069 3527 3127 Genesis
3573 3071 3872 3142 applicari?

2299 3162 2414 3219 Non
2443 3164 2587 3219 enim
2626 3163 2816 3234 llnges,
2847 3172 2963 3230 aut,
2993 3161 3041 3218 si
3063 3163 3156 3218 tibi
3199 3163 3385 3234 llngas,
3416 3163 3546 3219 milii
3580 3164 3826 3233 prnbahis
3852 3205 3870 3232 ,

2294 3255 2636 3310 Prudentium
2661 3271 2726 3311 ex
2760 3269 2868 3311 uno
2897 3255 2980 3310 vel
3010 3255 3181 3312 altera
3215 3265 3465 3326 corrupto
3487 3256 3775 3325 exemplari
3804 3270 3869 3312 ea

2291 3347 2454 3403 verba
2483 3347 2799 3417 arripuisse,
2827 3347 3022 3418 quibus
3056 3361 3245 3401 novam
3277 3347 3392 3417 ipse
3427 3362 3576 3401 suam
3600 3349 3869 3418 interpre-

2290 3440 2544 3494 tationem
2589 3439 2859 3494 fundaret.
2889 3437 2998 3494 Cur
3035 3450 3212 3494 autem
3240 3449 3345 3493 tam
3378 3440 3712 3510 perspicuam
3743 3439 3870 3496 Pru-

2289 3530 2455 3585 dentii
2496 3531 2874 3586 auctoritatem
2927 3531 2962 3585 ii
3004 3531 3336 3600 potissimum
3382 3546 3490 3586 non
3527 3541 3744 3600 urgent,
3775 3532 3866 3602 qui

2290 3620 2352 3675 Β.
2372 3620 2551 3675 Maria:
2577 3621 2952 3676 intemeratum
2977 3621 3383 3690 conceptionem
3408 3628 3485 3674 tot
3505 3620 3866 3676 voluminibus

2288 3710 2443 3765 editis
2475 3711 2859 3782 propugnant?
2887 3710 3018 3766 Nam
3039 3709 3190 3775 Alva,
3223 3712 3312 3779 qui
3345 3711 3398 3764 in
3422 3725 3483 3765 ea
3509 3724 3664 3766 causa
3696 3710 3864 3766 cll’nse

2287 3809 2532 3856 versatus
2567 3810 2681 3868 est,
2747 3801 2799 3856 in
2851 3800 3033 3856 Militia
3069 3801 3434 3867 conceptionis
3477 3802 3564 3855 vix
3605 3803 3861 3871 pauculos

2287 3889 2567 3946 Prudcntii
2598 3905 2805 3956 versus,
2851 3891 2988 3961 apud
3036 3891 3320 3948 Eusebium
3369 3892 3720 3963 Nieretnlerg
3744 3907 3774 3946 a
3802 3909 3864 3950 se

2291 3983 2480 4052 lectos,
2514 3983 2568 4037 in
2597 3983 2828 4038 medium
2864 3985 3079 4053 pratulit
3119 3983 3218 4054 (in).
3251 3983 3504 4039 Melcltior
3531 3984 3734 4050 Canus,
3767 3986 3859 4041 lib.

2287 4087 2359 4127 vlt
2399 4072 2467 4128 de
2501 4072 2628 4128 Lac.
2659 4072 2916 4143 theolug.,
2947 4087 3067 4142 cap.
3092 4072 3147 4141 3,
3182 4073 3281 4129 hac
3310 4074 3391 4128 via
3416 4074 3676 4143 potuisset
3704 4090 3860 4145 argu-

2288 4171 2524 4216 mentum
2550 4161 2867 4218 Acbillicum
2896 4164 3102 4219 Erasmi
3127 4162 3392 4231 refellere,
3426 4179 3532 4234 quo
3555 4165 3601 4220 is
3619 4166 3855 4220 omnium

2286 4264 2594 4308 sanctorum
2628 4257 2935 4311 testimonio
2959 4271 3064 4312 non
3104 4271 3164 4312 se
3201 4257 3471 4313 existimat
3497 4257 3854 4324 obruendum,

2286 4347 2548 4416 siquando
2573 4349 2841 4404 universis
2868 4349 3240 4419 repugnaverit
3265 4368 3279 4402 :
3315 4364 3437 4404 nam
3473 4353 3643 4405 sancti
3669 4365 3857 4407 omnes

2285 4437 2377 4509 qui
2405 4438 2459 4494 in
2490 4439 2606 4509 ejns
2634 4440 2714 4496 rei
2759 4441 3088 4497 mentionem
3137 4442 3467 4508 inciderunt,
3501 4459 3607 4497 uno
3643 4459 3767 4510 ore,
3799 4453 3857 4499 ut

2281 4530 2447 4598 iactat
2470 4531 2742 4600 Erasmus,
2775 4542 3150 4590 asseverarunt
3168 4534 3228 4589 Β.
3261 4534 3527 4605 Virginem
3556 4536 3608 4592 in
3637 4550 3856 4608 peccato

2283 4621 2531 4692 originali
2555 4633 2889 4694 conceptam.
2923 4624 3100 4681 Canus
3125 4641 3229 4680 rem
3259 4627 3416 4692 hanc,
3447 4629 3578 4683 alias
3615 4631 3856 4701 gravissi-

2283 4728 2440 4777 mam,
2473 4715 2663 4768 nullius
2691 4717 2742 4770 in
2767 4715 3064 4777 Christiana
3088 4717 3334 4788 religione
3363 4733 3471 4772 esse
3505 4720 3744 4773 momenti
3775 4735 3855 4776 re-

2283 4806 2530 4875 spondet.
2557 4807 2738 4878 Nulla,
2763 4809 2957 4880 inquit,
2987 4809 3131 4876 mihi,
3163 4813 3328 4880 fateor
3368 4810 3602 4880 ingenue,
3634 4811 3740 4866 alia
3770 4813 3852 4866 sia

2274 4993 2462 5059 catum.
2499 4985 2565 5040 Et
2596 4994 2716 5059 post
2744 4987 2938 5059 multa:
2977 4987 3240 5059 Proliaius
3267 4991 3484 5058 forsitan
3523 5007 3670 5059 quam
3695 4993 3855 5046 lector

2273 5056 2518 5129 voluerit,
2569 5057 2632 5112 de
2675 5055 2772 5129 hoc
2805 5057 3038 5129 capitulo
3075 5055 3384 5129 disputatum
3419 5061 3480 5113 sit
3509 5055 3646 5114 {sed
3679 5077 3854 5124 qua-so

2275 5124 2359 5178 det
2398 5126 2593 5200 veniam
2623 5124 2908 5196 difﬁcultati
2937 5128 3097 5200 ipsius
3124 5124 3243 5200 loci,
3273 5137 3322 5181 ct
3349 5146 3578 5200 persona!
3602 5131 3716 5200 Eph
3734 5134 3852 5186 ἐἰο-

2273 5210 2406 5270 rum,
2432 5199 2516 5263 qui
2545 5209 2653 5270 post
2679 5198 3077 5270 ar_tes_magicas
3115 5199 3242 5252 scire
3277 5198 3582 5264 debuerant,
3609 5198 3850 5270 aquibus

2270 5261 2485 5336 fuissent
2506 5261 2782 5336 aliquando
2805 5261 3022 5331 decepti.

2345 5334 2420 5407 (li)
2441 5334 2616 5399 Plana,
2643 5337 2841 5403 aliique
2864 5351 2932 5391 ne
2949 5337 3223 5392 nominant
3240 5337 3456 5407 quidem
3473 5337 3846 5397 Prudentium.

2276 5402 2342 5457 Et
2373 5403 2474 5476 hoc
2490 5408 2720 5461 maxime
2735 5402 3076 5462 desideratur
3099 5411 3148 5461 in
3171 5402 3333 5476 opere
3361 5409 3531 5464 Plana:
3556 5411 3625 5465 ita
3657 5411 3848 5467 inscri-

2273 5481 2401 5545 pta:
2433 5473 2603 5530 Causa
2648 5477 2991 5531 immaculata
3027 5473 3363 5545 conceptionis
3395 5477 3501 5534 SS.
3536 5479 3720 5534 Matris
3755 5480 3848 5536 Dei

2275 5541 2462 5598 Maria
2484 5545 2704 5600 domina:
2731 5559 2917 5602 nostra
2930 5547 3090 5601 sacris
3115 5541 3409 5602 testimoniis
3432 5551 3608 5604 ordine
3630 5550 3847 5605 chrono-

2273 5614 2471 5701 logico,
2513 5618 2745 5701 utrinque
2791 5617 3064 5701 allegatis,
3111 5626 3155 5701 et
3205 5620 3510 5701 ad.e.ramen
3539 5620 3844 5701 theologica-

2272 5685 2784 5758 criticumresocatis,
2819 5685 3054 5758 agitata,
3077 5697 3125 5740 et
3153 5687 3412 5758 conclusa,
3444 5701 3650 5746 auctore
3681 5685 3848 5748 Ecas-

2269 5753 2408 5812 dicto
2439 5753 2606 5810 Plasa
2629 5755 2690 5814 S.
2721 5755 2775 5812 I.
2809 5753 3057 5814 Panormi
3088 5756 3244 5814 1747.
