4322 6400
473 432 581 487 673

1849 410 2389 470 PROLEGONENA.

3690 410 3794 467 67‘

467 540 637 615 patuit
661 541 731 593 ad
766 536 897 592 illud
942 532 1148 592 Erasini
1185 540 1551 607 argumentum
1595 526 1939 591 studendum,
1966 541 2069 593 quo
2095 534 2150 592 Α
2175 540 2376 595 ηιετ,
2406 523 2640 580 nondum
2666 522 2875 579 iuventa
2900 523 3002 595 fuit
3023 522 3300 593 Augustini
3323 532 3575 593 tempore,
3593 531 3647 577 ct
3672 538 3787 596 cap.

466 644 768 691 sanctorum
786 630 1149 685 auctoritatem
1176 636 1327 682 acute
1358 625 1451 679 ille
1470 623 1678 692 quidem
1716 618 1929 675 tentavit
1958 618 2073 671 elu-

467 726 612 780 dere.
644 723 702 778 ιιι
726 720 1025 778 Prudentio
1050 726 1233 785 autem
1267 715 1459 773 videre
1500 714 1627 769 licet
1667 711 1811 781 piam
1850 717 2073 764 senten-

468 816 631 882 tiam,
652 829 760 871 non
778 816 953 869 solum
977 810 1191 881 qualem
1216 807 1450 877 theologi
1476 804 1767 875 explicant,
1792 800 1889 857 sed
1911 799 2076 856 etiam

465 908 689 977 qualem
718 907 954 977 pictores
1002 901 1138 957 vivis
1169 899 1445 957 coloribus
1472 896 1817 967 exprimunt,
1848 890 2067 969 depicta

468 998 713 1069 imagine
742 995 1018 1065 Deipara,
1045 992 1201 1062 cujus
1234 990 1460 1061 pedibus
1496 1002 1719 1042 cernuus
1745 984 1929 1055 anguis
1957 998 2078 1052 pro—

467 1090 680 1158 teritur,
721 1086 963 1140 tractibus
992 1083 1305 1157 inamicitia
1335 1081 1472 1136 uirus
1501 1081 1697 1133 inerme
1719 1091 2003 1133 rere-serta.

547 1178 680 1233 158.
711 1176 858 1231 Idem
887 1176 1066 1231 Canus
1109 1174 1252 1228 inter
1283 1170 1478 1226 menda
1513 1184 1633 1239 qua:
1654 1183 1721 1223 ex
1760 1166 1968 1221 incuria
1998 1164 2080 1220 vi-

468 1268 674 1325 delicet
696 1266 1187 1341 typograpborum,
1226 1273 1320 1319 aut
1357 1276 1546 1318 eorum
1568 1260 1661 1331 qui
1694 1258 2037 1325 exscripsere
2057 1294 2078 1323 ,

471 1359 752 1431 imperitia
785 1358 839 1412 itt
876 1357 1049 1412 sacris
1084 1354 1315 1414 Litteris
1356 1352 1751 1421 obrepscrunt,
1796 1354 2079 1403 enumerat

469 1465 602 1505 eum
633 1450 809 1504 locum
843 1444 1095 1513 Genesis,
1127 1443 1197 1499 Et
1222 1445 1339 1514 ipsa
1366 1450 1593 1498 conteret
1622 1452 1781 1509 caput
1807 1451 1956 1494 tuum
1980 1451 2081 1508 pro

468 1541 541 1597 Et
570 1544 765 1612 ipsum,
809 1554 1005 1611 nempe
1033 1552 1253 1603 semen,
1298 1546 1395 1593 aut
1439 1539 1578 1608 ipse,
1614 1535 1755 1605 quod
1804 1543 1953 1604 putat
1984 1546 2081 1603 po-

469 1633 653 1689 suisse
681 1632 917 1702 primum
958 1632 1335 1701 interpretem,
1361 1628 1452 1697 qui
1474 1640 1661 1682 semen
1687 1626 1743 1680 iit
1776 1625 2082 1681 masculino

470 1739 675 1797 genere
700 1723 1018 1789 transtulit,
1052 1738 1169 1778 rem
1218 1719 1569 1791 signiﬁcatam
1612 1718 1952 1789 perpendens
1973 1755 1989 1781 ,
2012 1731 2080 1771 ex

473 1821 808 1890 Hieronymo
839 1818 893 1872 in
911 1816 1115 1885 Quaest.
1150 1813 1315 1869 Hebr.
1349 1812 1405 1867 lu
1432 1813 1623 1867 eadem
1651 1824 1778 1867 sunt
1808 1810 2079 1865 sententia

2183 621 2253 677 15
2280 637 2295 673 :
2328 619 2577 686 Quamvis
2620 633 2745 689 ergo
2785 615 3005 672 Patrum
3035 617 3246 687 quidam
3279 626 3330 670 to
3362 630 3475 671 ΜΔ
3515 617 3793 687 retineant,

2181 710 2523 782 praedicatum
2552 719 2723 766 tamen
2752 722 3032 764 εοκτειετ
3053 722 3226 763 οινιιτ
3253 723 3349 761 nec
3368 717 3676 779 agnoscunt,
3704 725 3799 766 nec

2181 811 2467 872 exponunt.
2496 800 2653 869 Quod
2703 800 2827 855 ideo
2874 798 3029 865 dit-it,
3067 800 3193 869 quia
3229 799 3475 855 nonnulli
3505 798 3796 869 legerunt:

2180 896 2298 966 ipsa
2325 909 2678 952 ossnvuir.
2710 892 2899 963 Neque
2929 891 3112 947 verius
3152 890 3347 946 eodem
3377 904 3502 960 cap.
3525 899 3803 961 oppugnat

2183 985 2533 1043 Franciscum
2581 983 2947 1055 Brugensem,
2978 981 3068 1050 qui
3109 981 3303 1051 probat
3334 980 3649 1050 lectionem,
3684 995 3798 1036 IPSA

2181 1095 2486 1145 αοιιτειετ,
2512 1079 2679 1133 textui
2707 1077 2971 1133 llebraicu
3000 1089 3106 1131 nan
3139 1089 3468 1145 repugnare.
3498 1074 3669 1145 Negat
3691 1073 3797 1128 ibi-

2182 1173 2305 1231 dem
2333 1171 2620 1229 commoda
2652 1170 3019 1241 expositione,
3055 1183 3218 1239 quam
3248 1166 3635 1233 Bellarminus,
3672 1166 3806 1221 Bru-

2182 1266 2388 1338 gcnsis,
2420 1264 2627 1334 aliique
2652 1263 2936 1325 exhibent,
2972 1259 3257 1316 lectionem
3289 1257 3577 1329 Vulgatam
3630 1258 3802 1327 accipi

2183 1372 2367 1428 posse.
2410 1355 2609 1411 Verum
2652 1353 3031 1410 lleterodoxns
3066 1351 3287 1408 Grotius
3320 1351 3555 1419 ingenue
3603 1348 3807 1405 fatetur

2182 1464 2405 1506 sensum
2438 1447 2573 1503 satis
2593 1446 2942 1503 commodum
2965 1461 3036 1499 ex
3061 1460 3122 1499 ea
3151 1443 3386 1499 lectione
3412 1444 3553 1499 erui.
3579 1441 3697 1497 Hoc
3726 1451 3806 1496 ta-

2186 1558 2311 1599 men
2369 1542 2599 1607 l’stebor,
2648 1540 3012 1610 antiquiorem
3063 1550 3250 1593 nostro
3275 1546 3433 1608 poeta
3466 1537 3740 1591 neminem
3770 1549 3802 1589 a

2189 1650 2278 1690 me
2308 1634 2504 1697 visum,
2535 1632 2626 1702 qui
2652 1630 2799 1687 clare
2826 1630 3021 1700 legerit
3046 1644 3349 1695 conrensr,
3386 1627 3482 1683 sed
3513 1642 3621 1681 non
3642 1626 3801 1681 dubi-

2187 1736 2243 1783 to
2264 1726 2393 1797 quin
2442 1725 2535 1779 alii
2568 1724 2948 1793 prmcesscrint
2974 1739 2986 1774 :
3012 1730 3068 1777 et
3096 1721 3282 1791 hymni
3313 1721 3532 1790 quidem
3562 1718 3805 1773 Pruden-

2188 1818 2343 1883 tiani,
2401 1817 2455 1873 in
2506 1817 2693 1871 multis
2753 1814 3001 1871 ccclesiis
3057 1814 3341 1880 celebrati,
3399 1812 3534 1867 satis
3575 1811 3807 1880 probant

472 1928 601 1969 cum
626 1909 739 1975 alii,
771 1920 881 1965 tum
922 1906 1127 1963 Natalis
1157 1906 1467 1961 Alexander
1515 1905 1567 1958 in
1600 1904 1819 1958 dissert.
1853 1903 1921 1957 de
1952 1900 2084 1956 Vul-
2116 1903 2161 1962 Β
2188 1924 2350 1979 quam
2402 1906 2710 1962 communis
2753 1915 2883 1961 tunc
2928 1906 3089 1962 fuerit
3146 1906 3418 1960 sententia
3471 1903 3541 1959 de
3588 1903 3809 1974 Virgine

472 2016 602 2076 gata
630 2003 689 2060 S.
718 2002 919 2070 Script.
946 2000 1217 2055 versione.
1252 1998 1357 2053 Sed
1387 2012 1495 2053 non
1518 1998 1809 2052 advertunt
1842 1997 2083 2065 potuisse

474 2111 603 2153 esse
630 2105 946 2165 corruptum
978 2101 1183 2149 textum
1227 2092 1546 2155 Hebraeum,
1578 2105 1701 2144 cum
1735 2103 1923 2142 revera
1962 2088 2085 2141 Bel-

473 2188 768 2254 larminus,
815 2186 908 2241 lib.
940 2201 977 2240 ιι
1004 2185 1074 2240 de
1109 2184 1291 2239 Verbo
1323 2182 1440 2247 Dei,
1489 2195 1609 2251 cap.
1644 2180 1731 2242 l2,
1765 2179 1959 2248 legerit
1988 2194 2085 2233 co—

474 2280 653 2335 dicem
717 2280 772 2333 in
800 2292 907 2348 quo
937 2276 1196 2347 scriptum
1231 2283 1351 2331 erat
1382 2274 1647 2331 Hebraice
1674 2275 1809 2341 ipsa.
1845 2273 1910 2327 Et
1939 2271 2083 2343 quod

477 2387 583 2428 vox
613 2370 837 2426 llebrma
866 2384 989 2438 qua:
1011 2382 1106 2438 per
1126 2369 1294 2439 ipsum
1324 2364 1595 2433 redditur,
1627 2364 1897 2436 signiticet
1918 2365 2083 2418 etiam

480 2462 623 2532 ipsa,
654 2460 900 2531 quamvis
926 2460 1107 2515 minus
1154 2458 1463 2529 frequenter
1511 2458 1580 2512 ita
1622 2457 1953 2525 accipiatur,
1987 2458 2085 2510 do-

477 2565 605 2613 cent
635 2565 886 2609 auctores
914 2554 1109 2624 lingua:
1138 2552 1420 2607 Hebraicte
1445 2552 1781 2620 peritissimi.
1809 2548 1866 2605 S.
1902 2553 2085 2619 Angu-

478 2648 657 2703 stinus
682 2647 749 2702 ad
778 2646 1035 2703 editionis
1079 2654 1279 2701 nostra:
1320 2645 1609 2699 lectionem
1656 2645 1865 2699 accedit
1900 2645 1989 2698 lib.
2030 2659 2085 2696 ιι

479 2739 549 2795 de
570 2738 771 2795 Genesi
804 2738 871 2792 ad
895 2738 1003 2805 lit.,
1034 2750 1155 2807 cap.
1178 2735 1248 2793 ‘56
1281 2754 1295 2791 :
1319 2732 1633 2789 Inimicitias
1659 2750 1848 2805 ponant
1880 2734 2010 2787 inter
2039 2743 2088 2788 te

482 2841 527 2888 et
555 2834 840 2898 mulierem,
870 2840 920 2885 et
948 2831 1082 2885 inter
1108 2846 1280 2885 semen
1311 2840 1457 2883 tuunt
1475 2839 1524 2883 et
1551 2845 1720 2883 semen
1760 2829 1926 2885 illius.
1959 2828 2089 2897 Ipsa

492 2923 649 2995 117
681 2922 771 2976 tibi
799 2922 1018 2976 servabit
1039 2931 1217 2990 caput,
1240 2929 1287 2975 et
1308 2930 1361 2973 tu
1379 2920 1605 2975 servabis
1626 2922 1736 2990 ejus
1765 2920 2085 2973 calcaneum.

485 3016 553 3071 Et
582 3015 679 3069 lib.
714 3029 752 3069 tt
777 3014 848 3069 de
891 3012 1091 3069 Genesi
1141 3011 1403 3067 adversus
1446 3010 1809 3075 Manichmos,
1850 3026 1969 3079 cap.
2017 3012 2085 3064 6:

490 3105 621 3173 Ipsa
638 3116 780 3159 tuum
804 3104 1092 3160 ,observabit
1119 3112 1297 3173 caput,
1323 3109 1369 3155 et
1401 3110 1456 3155 tu
1478 3099 1773 3154 calcaneum
1796 3092 1965 3153 illius:
1990 3099 2091 3153 Pa-

490 3202 626 3257 riter
642 3199 700 3254 S.
742 3197 1085 3263 Ambrosius,
1114 3195 1183 3251 de
1215 3195 1359 3266 Fuga
1390 3192 1574 3251 strculi
1597 3207 1717 3264 cap.
1751 3193 1779 3245 7
1804 3210 1818 3247 :
1846 3192 1971 3263 Ipsa
1998 3191 2091 3247 tibi

488 3292 770 3348 observabit
800 3303 980 3360 caput;
1012 3300 1058 3343 et
1084 3298 1141 3343 tu
1171 3264 1317 3343 illius
1339 3287 1659 3340 calcaueunt.
1698 3282 1959 3340 Claudius
1985 3285 2090 3341 Ma-
2116 3264 2164 3330 ο

489 3385 602 3441 rius
631 3383 908 3439 Victorius
930 3380 1134 3437 smculo
1165 3395 1195 3434 v
1218 3379 1272 3433 in
1302 3376 1575 3433 Genesin:

738 3495 957 3545 Pedibus
980 3505 1147 3555 repes,
1173 3497 1227 3542 et
1249 3498 1452 3555 pectore
1480 3502 1651 3555 prono,

547 3558 725 3617 Teque
747 3564 833 3607 tuo
857 3554 1277 3617 mulier’perimet
1292 3566 1402 3617 cum
1420 3554 1637 3617 semine,
1658 3554 1802 3617 cuius

550 3568 587 3608 ἰ’
658 3569 725 3628 ue
747 3568 833 3607 tuo
857 3568 1035 3605 mulier
1058 3568 1278 3626 perimet.
1292 3568 1407 3626 cunt
1420 3568 1617 3602 semine
1658 3568 1717 3599 cu
1743 3568 1787 3600 ιιι

550 3570 770 3689 {gamus
788 3619 1031 3689 extremis
1054 3623 1241 3689 tantum
1267 3613 1573 3689 insidiabe're
1586 3568 1787 3689 plantis,

554 3680 620 3731 Ut
642 3680 893 3741 trepidans
915 3680 1065 3729 etiam
1086 3677 1461 3740 capit'tvestigta
1488 3678 1619 3738 ligat.

494 3782 698 3839 Eadem
730 3791 889 3836 aetate
918 3779 1160 3835 Alcimus
1191 3780 1379 3834 Avitus
1411 3777 1731 3832 Viennensis
1775 3775 2091 3845 episcopus,

494 3875 737 3945 Vulgata:
764 3874 1046 3929 lectionem
1082 3870 1463 3941 Prudentiique
1481 3867 1982 3938 interpretationem
2003 3882 2093 3921 se-

494 3974 649 4022 cutus
678 3972 763 4020 est
790 3962 886 4018 lib.
918 3977 975 4017 nt
1000 3961 1234 4018 Genes.:

556 4055 685 4107 Olim
706 4055 821 4117 erit,
847 4061 900 4103 ut
922 4066 1099 4105 sexum
1124 4052 1626 4117 mufliebremrronus
1648 4050 1847 4117 adores,

559 4117 710 4179 Cujus
732 4127 783 4166 tu
807 4113 1084 4178 quanquam
1104 4113 1289 4179 pavide
1314 4114 1616 4179 insidiabere
1640 4114 1781 4179 calci.

558 4175 797 4229 mitteret
814 4175 909 4227 una
928 4175 1072 4238 caput
1094 4175 1292 4225 tandem
1316 4175 1403 4224 tibi
1424 4178 1603 4223 femina
1630 4177 1829 4234 victrix,

560 4240 969 4302 Nascendumque
998 4239 1143 4289 etiam
1168 4239 1250 4287 tali
1274 4238 1340 4288 de
1371 4238 1545 4299 stipite
1568 4248 1796 4298 germen.

500 4343 651 4399 Alios
674 4342 1007 4398 recentiores
1021 4341 1240 4396 omitto.
1266 4339 1391 4394 Haec
1410 4339 1551 4395 enim
1573 4337 1787 4394 abunde
1800 4336 2097 4407 sufﬁciunt,

500 4443 559 4489 ut
583 4434 797 4505 penitus
828 4432 1105 4487 refellatur
1132 4431 1471 4487 Abrahamus
1500 4430 1763 4486 Costerus
1802 4430 1857 4484 in
1891 4444 1991 4485 suo
2036 4430 2102 4484 li-

2191 2007 2483 2055 cauterente
2509 2007 2662 2069 caput
2689 1998 2958 2068 serpentis,
2994 1995 3099 2051 hoc
3128 2008 3235 2060 est,
3270 2008 3553 2065 peccatum
3572 1995 3809 2064 origina-

2190 2091 2263 2159 le,
2299 2100 2357 2144 ut
2386 2090 2486 2145 SS.
2519 2090 2709 2145 Patres
2739 2102 2793 2145 et
2824 2090 3033 2159 interpr
3070 2099 3149 2143 tes
3178 2097 3477 2158 exponunt.
3499 2086 3810 2144 Malechius

2188 2181 2242 2237 in
2272 2181 2441 2237 addit.
2477 2183 2541 2235 ad
2576 2180 2818 2247 iunium,
2847 2194 2970 2250 pag.
2998 2179 3105 2235 990
3153 2192 3284 2234 tom.
3318 2177 3383 2232 ιιι
3414 2176 3626 2234 calend.
3663 2192 3805 2247 prm-

2187 2275 2333 2329 clare
2378 2273 2655 2329 Ambrosii
2699 2272 2878 2329 lacum
2933 2286 3102 2329 serm.
3134 2270 3207 2327 22
3236 2271 3289 2327 iu
3314 2271 3453 2343 psal.
3486 2285 3671 2339 cxvtn,
3704 2283 3807 2339 pro

2186 2368 2455 2421 sententia
2480 2364 2563 2434 pia
2586 2363 2847 2435 explicat.

2804 2475 3033 2533 CAPUT
3082 2476 3174 2530 XI.

2193 2591 2347 2645 Ritus
2383 2590 2741 2662 ecclesiastici,
2778 2590 2866 2658 qui
2906 2605 3047 2662 nunc
3094 2589 3287 2662 rigent,
3316 2587 3592 2642 Prudentii
3621 2603 3729 2643 tceo
3756 2587 3808 2643 its

2392 2660 2627 2716 Ecclesia
2658 2661 2855 2715 usitati.
2884 2660 3178 2719 Lumiuum
3207 2675 3349 2725 usus,
3384 2666 3441 2713 et
3453 2662 3626 2731 capia.

2268 2773 2586 2847 118139.
2635 2773 2825 2829 Solent
2865 2771 3109 2828 haeretici
3142 2772 3329 2843 (atque
3364 2771 3573 2827 utinam
3618 2772 3653 2826 ii
3704 2772 3807 2827 soli

2189 2868 2433 2936 essent!)
2479 2864 2833 2920 cmretttonias
2864 2878 3003 2933 pene
3032 2878 3246 2927 omnes,
3294 2865 3621 2934 prtesertim,
3670 2878 3807 2933 quas

2194 2956 2440 3012 Romana
2472 2955 2691 3012 adhibet
2717 2955 2985 3022 Ecclesia,
3020 2964 3404 3022 contemnere,
3437 2964 3492 3010 et
3521 2970 3642 3009 cum
3668 2952 3803 3022 ipsis

2194 3048 2519 3103 venerabilis
2548 3046 2846 3116 antiquitas
2876 3046 3152 3115 objicitur,
3195 3055 3288 3100 aut
3320 3057 3518 3115 negant
3557 3046 3659 3101 sub
3691 3046 3809 3115 ipso

2194 3139 2466 3194 nascentis
2496 3137 2751 3192 Ecclesia:
2782 3136 2939 3191 initio
2969 3150 3065 3192 eas
3088 3135 3257 3192 fuisse
3286 3134 3583 3204 adhibitus,
3612 3146 3706 3191 aut
3735 3150 3807 3192 ex

2194 3230 2518 3286 ethnicism'i
2545 3242 2597 3283 et
2614 3227 2897 3282 Judaismo
2914 3227 3179 3298 originem
3201 3225 3420 3281 trahere
3443 3226 3804 3295 respondent.

2196 3320 2253 3375 In
2281 3334 2390 3390 quo
2418 3334 2607 3390 parum
2648 3318 2857 3384 vident,
2880 3319 2996 3373 sive
3020 3318 3152 3372 caeci
3190 3316 3414 3371 omnino
3444 3326 3589 3380 sunt,
3616 3316 3809 3372 duces-

2195 3428 2303 3484 que
2330 3426 2621 3467 caecorum.
2663 3410 2819 3477 Quod
2850 3409 2996 3465 enim
3040 3408 3107 3463 ad
3140 3408 3321 3477 priora
3352 3408 3455 3462 tria
3494 3410 3691 3461 saecula
3721 3421 3809 3478 ap-

2197 3504 2423 3574 pellant,
2479 3501 2711 3570 primum
2762 3499 2989 3570 plurima
3036 3498 3315 3568 perierunt
3358 3488 3707 3563 documenta,
3738 3512 3811 3552 ex

2196 3596 2392 3666 quibus
2424 3595 2542 3649 hate
2579 3594 2695 3662 ipsa
2735 3606 2857 3661 quae
2884 3588 3227 3653 desiderant,
3277 3600 3494 3658 possent
3528 3588 3809 3643 illustrari.

2197 3688 2368 3754 Quam
2400 3687 2565 3740 multa
2594 3684 2738 3738 enim
2761 3690 2887 3738 sunt
2915 3696 3039 3753 quas
3076 3696 3142 3735 ex
3171 3697 3275 3735 uno
3302 3689 3506 3734 tantum
3548 3682 3722 3747 aliquo
3748 3682 3812 3734 li-

2200 3778 2289 3832 bro
2343 3788 2571 3832 exstante
2602 3778 2667 3829 ad
2698 3784 2938 3831 nostram
2984 3775 3233 3829 notitiam
3260 3774 3633 3829 devenerunt?
3662 3788 3809 3845 quae,

2198 3871 2245 3925 si
2279 3872 2323 3925 is
2353 3870 2492 3925 liber
2532 3869 2804 3937 periisset,
2860 3866 3057 3923 eodem
3093 3866 3217 3937 jure
3269 3881 3412 3922 nunc
3456 3878 3807 3937 negarentur.

2203 3962 2406 4018 Deinde
2458 3963 2510 4015 in
2542 3962 2607 4016 iis
2638 3976 2758 4030 qua:
2812 3960 2879 4014 ad
2907 3959 3111 4014 cultum
3165 3959 3444 4029 publicum
3505 3962 3809 4028 praesertim

2202 4056 2345 4111 circa
2371 4055 2593 4125 templa,
2622 4054 2811 4108 altaria
2854 4067 3154 4122 eorumque
3184 4058 3435 4108 ornatum
3466 4062 3522 4107 et
3556 4054 3818 4123 splendo-

2204 4163 2319 4203 rem
2366 4148 2658 4217 pertinent,
2704 4161 2890 4202 norma
2923 4145 3201 4215 religionis
3232 4145 3620 4215 congruentius
3648 4160 3713 4199 ex
3762 4160 3811 4199 tv

2204 4237 2428 4304 smculo,
2458 4237 2508 4291 in
2536 4250 2643 4307 quo
2676 4251 2777 4306 pax
2822 4236 3032 4290 reddita
3060 4244 3146 4290 est
3179 4234 3456 4301 Ecclesiae,
3481 4236 3592 4305 peti
3622 4236 3811 4305 debet,

2205 4344 2364 4399 quam
2396 4344 2461 4383 ex
2494 4330 2668 4383 tribus
2711 4327 3167 4398 prmcedentihus,
3204 4328 3256 4383 in
3285 4328 3478 4396 quibus
3516 4328 3813 4384 Christiani

2208 4436 2313 4475 non
2330 4435 2397 4476 ea
2419 4420 2600 4476 omnia
2616 4433 2765 4475 certe
2784 4436 2905 4491 quae
2931 4421 3159 4487 vellent,
3192 4428 3439 4490 poterant
3464 4422 3688 4491 exsequi
3708 4422 3811 4492 (a).

501 4525 676 4581 bello:
711 4524 912 4578 Vindex
934 4525 1033 4578 loci
1060 4524 1119 4579 S.
1153 4523 1439 4590 Scriptura
1460 4521 1647 4577 Genes.
1678 4539 1757 4589 ttt,
1783 4522 1873 4591 15,
1903 4539 1934 4576 a
1963 4524 2105 4577 vitio-
2206 4515 2340 4570 Cum
2392 4527 2575 4568 autem
2630 4514 2809 4569 cultus
2855 4528 2981 4585 erga
3050 4514 3219 4568 Deum
3286 4514 3531 4569 externis
3590 4516 3815 4586 quihus-

500 4633 561 4673 sa
584 4616 1009 4685 interpretatione
1037 4616 1100 4669 de
1126 4614 1189 4669 Β.
1230 4613 1440 4685 Virgine
1464 4612 1660 4680 Maria,
1694 4630 1813 4685 qua:
1840 4614 1894 4667 in
1917 4611 2100 4667 Bibliis
2128 4641 2183 4702 Β
2208 4608 2329 4662 dant
2359 4607 2572 4674 ritibus,
2598 4616 2652 4661 et
2682 4607 3023 4662 caeremoniis
3052 4605 3249 4661 debeat
3302 4606 3569 4672 exerceri,
3621 4622 3813 4663 eorum

504 4706 750 4763 Ecclesia:
774 4705 1021 4760 Romam:
1044 4708 1161 4777 jam
1194 4706 1286 4758 diu
1321 4704 1634 4768 inveteravit,
1660 4705 1750 4773 qui
1781 4713 1956 4759 exstat
1988 4704 2094 4759 vol.

501 4797 547 4854 ll
575 4799 836 4855 Thesauri
872 4798 995 4853 libr.
1040 4795 1239 4867 philog.
1271 4806 1326 4851 et
1357 4796 1597 4851 historic.
1631 4796 1855 4851 Thomas
1887 4795 2093 4852 Crenii.

500 4890 760 4946 Costerus
804 4904 923 4956 cap.
954 4889 987 4943 5
1028 4889 1255 4942 ﬁdenter
1289 4887 1363 4941 ait
1393 4905 1405 4939 :
1436 4886 1614 4940 Lectio
1650 4887 1779 4953 hac,
1814 4900 1928 4942 iPSA
1968 4902 2099 4942 cou-

573 5045 653 5118 (a)
705 5047 888 5118 Neque
912 5047 1053 5101 enim
1086 5044 1375 5118 Lutlterus,
1406 5043 1660 5101 Calvinus
1691 5047 1893 5115 aliique
1935 5046 2095 5117 huju-

502 5116 739 5173 scemodi
764 5120 1150 5171 reformaturt-s
1186 5116 1378 5171 melius
1408 5127 1609 5171 norunt
1656 5133 1902 5187 quasnam
1935 5116 2098 5174 fuerit

502 5189 856 5251 consuetudo,
913 5203 1157 5255 quaenam
1212 5202 1364 5242 meos
1409 5188 1663 5241 Ecclesia:
1694 5189 1864 5243 tribus
1912 5190 2098 5257 primis

504 5261 736 5322 smculis,
791 5257 918 5326 quid
965 5260 1132 5326 magis
1183 5267 1299 5325 post
1330 5258 1585 5312 Ecclesia:
1636 5274 1822 5325 pacem
1880 5262 2095 5325 deceat,

504 5328 789 5398 quamSS.
839 5329 917 5381 illi
968 5327 1175 5392 Patres,
1216 5328 1467 5382 doctores
1484 5339 1539 5382 et
1577 5331 1834 5397 episcopi,
1866 5345 2095 5397 quorum

506 5400 746 5455 consiliis
772 5408 827 5453 et
856 5400 1098 5453 doctrina
1134 5406 1415 5467 tantopere
1463 5400 1574 5465 ipsa
1612 5399 1849 5455 Ecclesia
1899 5404 2099 5456 saeculo

508 5483 559 5523 tv
590 5472 791 5525 lloruit.
823 5468 1056 5524 Joannes
1082 5469 1457 5537 Marungonitts
1486 5471 1679 5524 librum
1710 5471 1878 5525 edidit
1909 5488 1922 5523 :
1952 5473 2094 5524 Dclle

507 5556 619 5596 case
648 5540 952 5611 gentilesrhe
988 5557 1015 5593 e
1046 5543 1263 5609 profane
1290 5548 1595 5611 trusportate
1622 5541 1693 5595 ad
1721 5558 1813 5595 uso
1842 5543 1903 5595 ed
1940 5560 2092 5594 orna-

507 5609 675 5665 mento
702 5614 833 5665 delle
873 5612 1057 5665 chiese.
1103 5610 1260 5683 Petro
1292 5609 1529 5676 Lazzeri,
1560 5616 1707 5667 claro
1746 5612 1797 5665 in
1830 5614 2092 5683 theologia

506 5691 563 5734 et
601 5683 821 5736 historia
845 5682 1206 5736 eccle~iastica
1233 5682 1457 5747 nomini,
1485 5684 1728 5750 displicet
1756 5685 1869 5737 haec
1898 5686 2096 5736 Muran-

507 5754 647 5819 gonii
678 5753 1013 5822 aliorumque
1040 5753 1249 5819 opinio;
1278 5752 1365 5820 qni
1399 5753 1953 5809 ἱιιιιιεεετιίιιὶοηνεριι
1985 5757 2096 5804 tim-

510 5826 664 5885 lriba,
702 5823 777 5876 De
802 5822 935 5893 falsa
962 5833 1182 5877 ueterum
1209 5822 1614 5879 Christianorum
1643 5827 1833 5879 rituum
1862 5843 1891 5876 α
1923 5826 2098 5877 ritibus

511 5893 825 5948 ethnicorum
858 5894 1068 5965 origine,
1104 5910 1132 5946 α
1171 5894 1319 5949 Petro
1344 5894 1555 5952 Rinaldi
1590 5900 1637 5951 in
1658 5898 1871 5970 collegio
1908 5896 2101 5950 Monta-

2209 4716 2338 4757 vero
2368 4702 2567 4755 rituum
2609 4716 2715 4754 nun
2742 4716 2866 4755 erus
2911 4700 2981 4755 sit
3020 4700 3422 4769 quodammodo
3466 4700 3814 4756 circumscri-

2205 4804 2348 4865 ptus,
2371 4805 2427 4851 et
2444 4810 2474 4849 a
2499 4804 2686 4849 natura
2714 4794 2784 4848 sit
2804 4803 3174 4863 comparatum
3200 4806 3344 4848 certa
3369 4794 3636 4865 obsequii,
3655 4808 3708 4851 et
3730 4811 3818 4851 re-

2205 4890 2460 4946 verentia:
2488 4889 2637 4959 signa
2663 4888 2942 4953 exhibere,
2968 4902 3087 4957 qua:
3110 4886 3221 4941 fere
3253 4886 3391 4956 apud
3410 4902 3602 4943 omnes
3626 4899 3814 4958 gentes

2206 5065 2272 5102 no
2292 5047 2468 5100 Itabita
2494 5064 2628 5099 anno
2670 5047 2825 5113 1777,
2865 5045 3074 5113 prohat,
3111 5047 3173 5099 1ο
3215 5044 3421 5099 nullum
3453 5046 3631 5101 aﬂerri
3662 5064 3816 5117 argn-

2210 5131 2450 5173 tnentum
2479 5134 2584 5185 quo
2614 5129 2925 5172 nostrorum
2952 5120 3151 5171 rituum
3176 5131 3206 5170 a
3251 5118 3439 5171 ritibus
3466 5118 3809 5174 ethnicorum

2208 5192 2358 5258 Origo
2392 5204 2514 5242 vt-re
2556 5190 2991 5248 demonstretur;
3017 5187 3075 5239 2⁸
3108 5187 3309 5240 nullam
3343 5188 3608 5258 assignari
3636 5206 3810 5243 ciere-

2207 5261 2443 5314 moniam
2488 5270 2723 5313 veterem
2782 5275 2810 5309 a
2854 5259 3119 5312 catholica
3171 5258 3412 5312 Ecclesia
3444 5261 3813 5315 communi'er

2204 5332 2573 5393 observatam,
2606 5344 2727 5399 qum
2761 5329 2931 5383 multo
2958 5331 3151 5383 melius
3173 5339 3335 5397 atque
3357 5331 3699 5384 commodius
3730 5346 3813 5385 re-

2205 5404 2314 5470 peti
2337 5401 2675 5454 aliundenon
2696 5403 2862 5467 possit
2881 5414 2896 5465 ;
2913 5400 2968 5455 5⁸
2986 5412 3224 5467 spectata
3250 5399 3346 5454 SS.
3374 5400 3590 5455 Patrum
3616 5401 3816 5455 doctri-

2202 5485 2270 5526 na
2301 5478 2356 5525 et
2396 5476 2561 5526 veteri
2589 5472 2842 5526 Ecc!esi:e
2885 5470 3191 5537 disclpiina,
3225 5472 3341 5540 orig
3366 5486 3511 5535 nem,
3542 5486 3701 5540 quant
3733 5472 3807 5525 illi

2205 5487 2270 5526 na
2301 5487 2356 5525 et
2396 5487 2561 5526 veteri
2589 5487 2842 5526 tsccsestte
2885 5487 3191 5537 uisetpttna,
3225 5487 3303 5523 οτι
3366 5487 3511 5535 nem,
3542 5487 3701 5540 quam
3733 5487 3807 5525 Ilii

2205 5542 2418 5607 volunt,
2443 5543 2705 5612 assignari
2731 5543 2880 5596 nullo
2904 5542 3065 5595 modo
3096 5556 3273 5609 posse.
3305 5487 3566 5612 ﬁequitur
3584 5542 3651 5595 de
3678 5558 3810 5611 qua-

2205 5624 2329 5667 tuor
2375 5614 2563 5681 primis
2606 5614 2842 5681 saeculis,
2896 5622 2952 5666 et
2980 5612 3107 5666 illud
3156 5623 3330 5676 urget,
3379 5624 3587 5666 natura:
3640 5613 3813 5680 legero

2207 5686 2397 5753 ipsam,
2457 5694 2617 5753 atque
2675 5685 2983 5738 instinctum
3030 5685 3094 5736 ad
3150 5684 3411 5753 quasdam
3463 5685 3815 5737 creremunias

2207 5755 2362 5825 quasi
2415 5770 2573 5825 manu
2620 5765 2862 5818 tempore
2915 5755 3062 5809 omni
3112 5754 3423 5817 tia-duxisse,
3481 5771 3585 5807 non
3634 5758 3811 5807 minus

2211 5824 2369 5895 quam
2395 5824 2459 5879 ad
2484 5828 2616 5879 alias
2646 5829 2913 5893 actiones,
2947 5838 2997 5879 ιιι
3026 5826 3408 5893 tnatnlncandi,
3458 5825 3697 5885 bibendi.
3728 5841 3814 5879 reo

2214 5896 2386 5953 stibus
2417 5912 2475 5954 se
2498 5898 2770 5954 ittduettdi.
