4322 6484
729 448 827 505 675

2138 432 2598 492 PRUDENTIUS.

3908 437 4012 491 676

728 574 917 633 eadem
944 576 1093 636 sunt,
1116 580 1222 623 non
1245 560 1661 623 estmirandum,
1679 558 1952 627 multoque
1970 556 2147 611 minus
2164 554 2321 625 119
2349 556 2399 617 Α
2429 561 2644 609 nantur.
2678 552 2745 609 Et
2775 564 2951 609 tamen
2997 554 3112 609 tunc
3140 552 3210 609 ab
3253 554 3379 624 ipsis
3411 553 3681 611 hazretlcis
3722 554 3775 610 in
3824 552 4016 623 prinizs

728 661 1269 737 reprehendendum,
1320 658 1442 714 siin
1487 653 1719 711 ecclesia
1758 650 2027 706 catholica
2077 648 2240 705 etiam
2290 660 2323 700 a

730 769 976 825 tempore
1025 746 1387 823 apostolorum
1435 742 2092 812 consuetudines‘aliqua:
2124 738 2323 794 fuerint

730 851 985 919 inductu,
1019 862 1243 917 quarum
1274 842 1477 898 similes
1503 840 1573 896 ab
1620 840 1851 896 ethnicis
1885 835 2320 894 celebrabantur.

732 942 967 1000 Gentiles
988 955 1051 994 ex
1082 936 1320 993 Hebrtcis
1341 934 1638 1004 sumpsisse
1661 946 1797 1003 pene
1826 944 2042 985 omnem
2061 931 2322 984 rationem

730 1046 781 1091 et
812 1031 1052 1098 modum,
1077 1044 1185 1100 quo
1213 1028 1343 1083 deos
1366 1042 1491 1083 suos
1507 1027 1769 1091 colerent,
1795 1025 2219 1093 demonstratum
2242 1028 2325 1075 est

730 1126 783 1181 in
812 1124 1189 1180 dissertatione
1216 1129 1347 1176 tom.
1378 1118 1471 1175 Vll
1520 1118 1785 1189 Antiquit.
1835 1115 2010 1172 Graec.
2056 1111 2321 1179 Gronov.,

730 1229 849 1287 pag.
877 1217 901 1271 Ι
932 1232 947 1270 :
982 1214 1213 1269 Danielis
1252 1211 1479 1269 Clasenis'
1510 1210 1769 1283 theologia
1799 1210 2083 1281 gentilium,
2114 1221 2205 1260 seu
2234 1205 2323 1259 de-

730 1308 1055 1374 monstratio,
1104 1322 1204 1375 qua
1252 1304 1523 1374 probatur,
1559 1301 1827 1372 gentilium
1855 1298 2161 1370 theologiam
2208 1296 2324 1366 (ceu

734 1397 1011 1469 tenebras),
1041 1398 1186 1461 deos,
1238 1395 1515 1464 sacriﬁcia.
1566 1401 1615 1447 et
1645 1393 1753 1446 alia
1781 1408 1843 1447 ca:
1871 1390 2011 1461 [ante
2042 1388 2325 1460 Scriptura:

736 1493 853 1562 (cett
882 1490 1021 1561 luce)
1050 1489 1295 1559 originem
1334 1486 1572 1539 traxisse.
1617 1483 1845 1541 Detnum
1870 1483 2082 1538 Hebrazi
2129 1495 2161 1535 a
2212 1480 2325 1536 Deo

737 1583 914 1638 edocti
938 1580 1152 1636 fuerunt
1177 1578 1372 1650 quibus
1398 1592 1520 1632 eum
1553 1576 1746 1631 ritibus
1762 1574 2007 1630 venerari
2038 1573 2318 1638 deberem,

736 1675 979 1743 adeoque
1008 1671 1281 1739 sapienter
1310 1670 1466 1740 primi
1490 1668 1769 1724 christiani
1803 1669 2066 1731 iecerunt,
2097 1666 2223 1721 dum
2254 1664 2321 1719 ad

732 1774 969 1821 veterem
1000 1764 1181 1834 pepuli
1216 1762 1492 1817 lsraelitici
1515 1760 1852 1831 disciplinant
1880 1759 2171 1815 nonnullas
2196 1773 2322 1813 suas

734 1856 1086 1911 cteremonias
1140 1854 1477 1909 stabilierunt
1546 1867 1642 1923 pro
1712 1867 1776 1907 ea
1840 1860 2105 1922 potestate
2160 1867 2318 1922 quam

2428 648 2531 704 fuit
2574 656 2829 719 pratexta
2881 661 3042 703 causa
3074 645 3428 704 dissensionis
3466 662 3498 703 a
3542 648 3739 719 capite.
3785 644 4017 705 Aiebam

2426 740 2633 798 clerum
2664 741 2965 797 Romanum
2996 754 3307 810 corruptum
3349 754 3490 807 esse,
3521 740 3903 797 reformatione
3932 739 4018 793 in-

2426 834 2637 905 digere.
2685 834 2787 905 lpsi
2836 841 3034 901 autem,
3067 832 3194 889 dum
3223 834 3446 903 cupiunt
3467 835 3635 889 vitare
3659 832 4015 905 Charybdim,

2428 927 2733 984 inciderunt
2764 926 2814 981 in
2841 925 3103 999 Scyllam,
3136 925 3220 982 vel
3245 926 3421 983 dicam
3454 928 3662 987 melius.
3710 926 4019 982 inciderunt

2430 1020 2481 1074 in
2531 1020 2789 1092 Scyllam,
2837 1033 3013 1090 neque
3053 1016 3381 1091 Charybdim
3410 1022 3668 1076 vitaruut.
3721 1019 3879 1092 120
3916 1017 4017 1071 Fa-

2426 1111 2529 1168 cile
2556 1120 2703 1167 esset
2732 1118 2898 1165 totam
2924 1111 3060 1166 banc
3089 1112 3510 1167 controversiam
3540 1110 3797 1166 adversus
3827 1125 4013 1164 recen-

2428 1215 2507 1261 tes
2537 1204 2795 1277 quasdam
2844 1206 3111 1260 novitates
3164 1204 3461 1271 instruere;
3511 1220 3631 1259 nam
3680 1205 3840 1258 etiam
3870 1212 4013 1256 nunc

2426 1306 2552 1353 sunt
2578 1297 2670 1368 qui
2702 1297 2995 1353 novitatem
3026 1296 3079 1353 in
3107 1298 3426 1367 antiquitate
3455 1298 3736 1361 rimantur,
3762 1302 3822 1349 ut
3840 1295 3907 1348 de
3929 1292 4011 1348 sui

2428 1390 2684 1460 temporis
2725 1372 2995 1445 haereticis
3027 1398 3184 1445 acute
3212 1390 3356 1445 dixit
3406 1390 3743 1445 hlaltlonatns
3793 1388 3859 1443 ad
3890 1401 4010 1455 cap.

2427 1483 2624 1540 tJoan.
2658 1498 2800 1539 vers.
2831 1482 2963 1555 t(o).
2988 1482 3189 1538 Verum
3244 1499 3333 1539 res
3367 1484 3503 1551 ipsa,
3546 1498 3632 1539 tne
3675 1490 3904 1545 tacente,
3944 1479 4019 1536 lo-

2426 1577 2629 1646 quitur.
2658 1574 2833 1631 Unum
2879 1577 3099 1630 atteram
3134 1575 3440 1644 exemplum
3478 1576 3545 1632 de
3592 1589 3687 1630 nsu
3732 1573 4015 1640 luminum,

2427 1682 2494 1723 ne
2520 1682 2549 1723 a
2582 1667 2876 1723 Prudentia
2908 1679 3094 1722 nostro
3122 1666 3394 1723 recedam.

2505 1759 2628 1815 Hi.
2662 1759 2985 1815 Benedictus
3012 1759 3152 1823 XIV,
3186 1761 3279 1815 lib.
3314 1779 3360 1827 ι,
3391 1777 3510 1831 cap.
3544 1762 3601 1824 5,
3643 1763 3713 1817 de
3741 1758 4016 1816 Sacriﬁcio

2429 1853 2611 1910 missa:
2650 1863 2835 1909 contra
2866 1853 3090 1909 Vertum
3131 1864 3183 1909 et
3224 1854 3559 1911 Joachimum
3594 1852 4014 1909 Hildcbrandum

731 1945 977 2003 Christus
1002 1944 1259 1999 Ecclesiae
1279 1958 1392 1998 suae
1407 1944 1851 1998 concessitnovas
1865 1941 2131 1998 condendi
2150 1941 2317 2011 leges,
2356 1932 2400 1990 Β
2428 1945 2713 2001 ostendere
2738 1955 2988 2011 conatur,
3014 1945 3206 2015 primis
3237 1947 3492 2001 Ecclesia:
3530 1946 3740 2001 stnculis
3776 1943 4015 1999 adhibita

732 2047 889 2107 prout
916 2053 1003 2092 res
1048 2037 1161 2106 ipsa
1188 2044 1244 2090 et
1276 2041 1515 2104 tempora
1543 2035 1898 2105 opportunius
1926 2034 2146 2105 exigere
2175 2032 2323 2090 vide-

732 2141 938 2185 rentur.

803 2221 926 2275 140.
959 2218 1052 2273 His
1091 2216 1387 2273 rationibus
1436 2216 1740 2272 vindicatur
1778 2216 2126 2285 Prudentius,
2160 2232 2319 2286 quem

734 2308 1017 2365 acatliolici
1049 2317 1101 2363 et
1132 2308 1520 2363 semieatboliei
1565 2318 1844 2376 accusant,
1894 2308 2037 2380 quod
2068 2309 2202 2364 ritus
2228 2323 2321 2364 ve-

731 2413 872 2457 teres
904 2399 1319 2463 ecclesiasticos,
1352 2414 1487 2467 quos
1518 2413 1663 2454 nunc
1695 2398 1797 2470 ipsi
1837 2400 2151 2468 reprobant,
2193 2414 2320 2471 gra-

712 2493 886 2563 phice
915 2490 1281 2560 descripserit.
1308 2489 1440 2545 Nam
1472 2504 1593 2545 cum
1627 2490 1726 2545 viri
1774 2490 1933 2560 hujus
1976 2492 2317 2560 nobilissimi,

729 2583 872 2637 inter
902 2580 1184 2636 su'cularia
1232 2581 1445 2649 negotia
1476 2578 1698 2645 versati,
1728 2581 1918 2649 pietas,
1961 2595 2066 2651 qua
2095 2582 2321 2651 ipsemet

730 2672 994 2742 sepulcris
1023 2680 1332 2727 sanctorum
1368 2670 1776 2734 advolvebatur,
1807 2679 2074 2743 martyres
2106 2673 2318 2728 ferven-

732 2764 954 2820 tissimis
982 2762 1228 2834 precibus
1256 2761 1357 2817 sibi
1390 2770 1651 2831 patronos
1674 2762 1979 2830 invocabat,
2007 2778 2196 2818 eorum
2225 2777 2320 2818 ve-

730 2855 1065 2911 nerationem
1096 2854 1468 2923 promovebat,
1501 2854 1598 2907 hos
1622 2861 1954 2908 novatoresa
1976 2869 2072 2907 sua
2104 2862 2320 2909 senten-

728 2945 799 2999 tia
845 2944 1127 2999 deterrere
1183 2941 1409 2999 omnino
1436 2941 1679 3013 deberet,
1712 2958 1820 2999 non
1869 2945 1971 2998 alia
2005 2946 2211 3001 ratione
2259 2959 2319 3000 se

727 3036 1039 3107 expediunt,
1072 3034 1173 3089 nisi
1195 3034 1592 3103 superstitionis
1619 3035 1884 3091 vocabulo
1912 3045 2114 3091 temere
2139 3047 2195 3091 et
2219 3038 2319 3091 im-

728 3138 962 3197 portune
992 3127 1254 3182 adhibito.
1289 3127 1473 3196 Neque
1503 3142 1602 3205 ego
1629 3129 1962 3197 negaverim,
1980 3128 2195 3197 ignaros
2224 3129 2322 3184 ho-

728 3224 902 3277 mines
954 3219 1223 3274 interdum
1273 3220 1339 3273 ad
1384 3219 1819 3289 superstitionem
1864 3219 2159 3276 declinare.
2211 3221 2317 3278 Sed

2425 2051 2455 2089 a
2484 2035 2803 2107 Christianis
2842 2034 3044 2090 lumina
3077 2050 3182 2091 non
3232 2036 3405 2091 solum
3456 2037 3522 2091 ad
3556 2034 3895 2107 depellendus
3950 2042 4019 2087 tc-

2426 2128 2639 2192 nebras,
2700 2127 2793 2182 sed
2853 2128 3014 2183 etiam
3068 2143 3135 2183 ex
3184 2129 3481 2199 symbolice
3546 2144 3706 2183 causa
3756 2130 3808 2183 in
3862 2127 4019 2182 Vete-

2427 2220 2472 2274 ri
2504 2220 2762 2288 Novoqne
2790 2219 3142 2276 Testamento
3186 2221 3438 2289 indicata.
3468 2221 3867 2280 llildehrandus
3890 2221 4017 2275 fate-

2433 2320 2519 2365 tur
2549 2311 2751 2366 saeculo
2782 2326 2833 2365 tv
2863 2328 3016 2367 usum
3045 2312 3305 2368 luminum
3340 2312 3675 2369 Christianos
3702 2312 4011 2377 retinuisse,

2426 2404 2527 2458 sub
2555 2405 2713 2459 linem
2736 2403 2954 2459 demum
2972 2406 3152 2460 saeculi
3174 2422 3223 2461 tv
3251 2416 3595 2463 monumenta
3609 2416 3845 2472 exstare,
3874 2404 4014 2476 quod

2424 2494 2624 2550 lumina
2656 2496 2877 2552 accendi
2899 2498 3306 2564 consueverint,
3335 2498 3497 2553 etiam
3526 2513 3646 2553 cum
3675 2496 3783 2568 jam
3811 2496 4018 2552 illuxis-

2423 2596 2504 2641 set
2532 2586 2671 2643 dles.
2701 2586 2757 2641 In
2787 2588 2904 2658 lege
2938 2588 3109 2643 veteri
3138 2590 3362 2660 mystica
3395 2589 3566 2658 magis
3586 2587 3655 2643 de
3670 2601 3829 2642 causa
3856 2601 4016 2657 quam

2423 2680 2490 2736 ad
2517 2680 2774 2751 iugandas
2802 2681 3052 2738 tenebras
3074 2682 3275 2739 lumina
3315 2683 3534 2739 accendi
3556 2681 3924 2753 consuevisse,
3950 2694 4017 2737 ex

2424 2771 2755 2827 candelabro
2794 2772 2974 2842 templi
3026 2784 3173 2828 recte
3214 2774 3456 2845 colligas.
3518 2773 3724 2828 Revera
3766 2769 4015 2826 acnensio

2425 2862 2688 2917 luminum
2717 2861 2938 2918 honoris
2964 2864 3084 2920 loco
3122 2865 3263 2934 apud
3293 2875 3508 2922 veteres
3554 2863 3735 2919 habita
3772 2871 3874 2918 est.
3908 2860 4016 2915 Ma-

2432 2952 2591 3007 chab.
2647 2951 2712 3007 ll.
2763 2968 2847 3018 tv,
2898 2952 3005 3021 22,
3051 2953 3351 3011 Antiochus
3419 2957 3470 3010 in
3530 2955 3862 3012 Hierusalem
3907 2968 4017 3006 rna-

2429 3044 2615 3117 gniﬁce
2639 3061 2671 3098 a
2696 3042 2891 3101 Iasone
2926 3054 2973 3101 et
3015 3046 3219 3100 civitate
3243 3057 3529 3118 susceptus,
3556 3062 3673 3101 cum
3705 3058 4015 3101 ncuuncu

2426 3150 2727 3202 LUHINIBUB,
2763 3145 2811 3190 et
2840 3136 3079 3190 laudibus
3107 3136 3367 3208 ingressus
3398 3145 3497 3192 est.
3526 3137 3715 3193 Cicero
3741 3136 3834 3190 lib.
3863 3149 3916 3189 tu
3948 3133 4017 3189 de

2424 3229 2629 3285 Ofﬁciis
2655 3246 2671 3283 :
2697 3228 2899 3285 Marius
2918 3248 2951 3285 α
2966 3229 3222 3286 subselliis
3246 3232 3300 3285 in
3323 3242 3491 3286 rostra
3511 3240 3679 3286 recta:
3694 3230 3846 3296 idque
3877 3227 4015 3298 quod

727 3324 1085 3382 praeterquam
1118 3310 1262 3380 quod
1307 3314 1477 3365 nostri
1517 3310 1700 3365 saeculi
1742 3324 1921 3365 mores
1949 3312 2117 3367 multo
2148 3314 2319 3385 magis
2346 3298 2392 3359 C
2424 3343 2434 3375 4

2307 3330 2319 3369 i
2346 3298 2392 3359 C
2424 3322 2760 3377 communiter
2780 3324 3119 3392 compositum
3144 3329 3338 3393 fuerat,
3358 3325 3501 3379 solus
3529 3324 3707 3379 edixit.
3735 3322 3799 3377 Et
3828 3339 3887 3377 ca
3912 3339 4014 3388 res,

727 3401 1018 3469 impietatis
1047 3399 1177 3456 vitio
1210 3416 1371 3472 quam
1402 3400 1808 3471 superstitionis
1830 3401 2099 3474 laborant,
2124 3418 2317 3475 super-

726 3494 874 3549 stitio
902 3507 1021 3561 quas
1048 3493 1103 3547 in
1119 3492 1204 3548 his
1225 3493 1812 3563 ritibnsnonnunquam
1836 3494 2073 3566 obrepit,
2101 3510 2209 3552 non
2234 3507 2318 3554 est

729 3596 1008 3656 peccatum
1058 3586 1257 3655 legum,
1317 3584 1413 3640 sed
1470 3584 1783 3651 hominum,
1814 3588 1903 3656 qui
1950 3585 2238 3644 difﬁculter
2264 3588 2319 3645 in

728 3678 902 3733 media
936 3678 1129 3732 virtute
1170 3679 1492 3733 consistunt.
1524 3676 1739 3735 Memini
1769 3680 1824 3735 in
1866 3680 2165 3737 Annalibus
2193 3681 2321 3737 Lin—

725 3769 867 3839 gueti
900 3782 986 3823 me
1016 3768 1217 3838 legere,
1240 3782 1363 3823 eum
1388 3767 1619 3824 Londini
1646 3770 1775 3825 dum
1807 3780 2140 3839 versaretur,
2163 3773 2318 3830 valde

724 3862 974 3917 miratum
1003 3860 1168 3917 fuisse
1185 3860 1619 3931 superstitionem
1636 3862 1835 3933 gentis,
1860 3879 2021 3934 quam
2045 3880 2167 3921 cum
2200 3866 2317 3936 ipse

724 3953 1036 4008 anteaiiver
1057 3951 1353 4007 catholicos
1381 3953 1527 4009 solos
1547 3969 1775 4026 regnare
1800 3956 2143 4022 credidisset,
2168 3973 2317 4015 com-

724 4043 864 4112 perit
880 4059 1030 4113 teque
1046 4043 1127 4097 vel
1147 4044 1316 4114 magis
1339 4045 1479 4114 apud
1502 4046 1706 4115 Anglos
1723 4048 2079 4118 triumphare.
2105 4051 2161 4105 lu
2185 4051 2316 4119 alio,

724 4134 823 4189 sed
854 4150 961 4211 non
998 4136 1222 4188 multum
1253 4134 1500 4188 dissimili
1551 4150 1748 4204 genere
1794 4138 2204 4196 reformatorum
2242 4143 2318 4198 in-

724 4226 1080 4281 constantiam
1110 4234 1301 4280 notare
1332 4224 1477 4281 licet.
1504 4225 1637 4281 Nam
1670 4228 1856 4283 Romae
1876 4229 2119 4286 videmus
2144 4246 2305 4303 sape,

723 4326 777 4371 et
799 4315 917 4370 aliis
943 4316 1103 4370 etiam
1138 4316 1191 4370 in
1214 4316 1441 4371 urbibus
1460 4317 1553 4373 alii
1579 4319 1853 4384 videbunt,
1880 4337 1998 4388 eos,
2031 4338 2166 4392 quos
2210 4325 2311 4396 ipsi

722 4407 1005 4477 episcopos
1032 4414 1089 4462 et
1108 4406 1461 4477 praedicantes
1486 4424 1583 4464 seu
1606 4424 1850 4481 pastores
1874 4414 2076 4472 habent
2118 4425 2174 4474 et
2218 4433 2311 4474 vo-

722 4507 865 4566 eant,
896 4513 1001 4553 non
1024 4499 1125 4553 alia
1159 4515 1219 4555 re
1238 4499 1393 4555 valde
1422 4502 1711 4573 excellere,
1755 4520 1929 4575 neque
1959 4517 2016 4563 ut
2043 4509 2314 4566 excellant

722 4581 989 4657 laborare,
1031 4593 1131 4647 nisi
1171 4600 1229 4647 ut
1255 4594 1394 4649 bene
1436 4595 1694 4665 equitcnt,
1729 4602 1899 4667 perite
1942 4602 2159 4670 saltent,
2190 4612 2247 4660 et
2281 4620 2310 4659 a

722 4683 853 4739 viris
873 4682 1222 4738 saecularibus
1244 4698 1417 4753 neque
1435 4683 1643 4752 habitu,
1665 4702 1843 4757 neque
1866 4691 2103 4747 moribus
2116 4693 2311 4751 discer-
2342 4689 2393 4748 Ι)

795 4883 870 4955 (a)
908 4882 1068 4938 Vertit
1097 4882 1226 4953 forte
1272 4882 1483 4963 quidam
1513 4894 1691 4963 nostra
1716 4890 1969 4942 memoria
2002 4907 2094 4960 pro
2144 4908 2315 4950 νεηΒο

723 4969 1074 5009 sannoxzu...
1123 4957 1279 5007 secuti
1320 4965 1436 5007 sunt
1481 4956 1754 5010 novitatem
1799 4974 1974 5013 omnes
2002 4956 2310 5019 'hwretici...

722 5024 913 5101 Darem
940 5024 1165 5101 aliquam
1186 5025 1479 5101 ue_nit_t.in,_si
1511 5030 1669 5080 secuti
1704 5028 2305 5101 fuissentantiquitatem,

720 5098 773 5150 in
806 5112 926 5163 qua,
960 5103 1010 5145 ut
1034 5094 1203 5147 statim
1232 5094 1593 5163 indicabimus,
1627 5094 1772 5150 multi
1800 5102 1873 5151 ita
1896 5094 2169 5155 uerterunt.
2205 5094 2310 5158 Sed

720 5162 964 5235 indignor
982 5162 1334 5236 htercticorum
1356 5165 1617 5234 ingenium
1649 5168 1947 5223 diverticula
1975 5175 2305 5236 sectantium,

720 5253 816 5288 nec
844 5236 947 5287 alia
988 5235 1183 5313 ratione
1212 5236 1499 5287 vocantium
1528 5252 1827 5303 sannosum,
1868 5257 2022 5307 quant
2047 5243 2170 5313 quia
2206 5235 2310 5309 "nos

721 5320 926 5358 vsttuuu
950 5305 1294 5372 appellamus,
1329 5314 1373 5356 et
1402 5319 1699 5360 novtrtrnu
1727 5305 2085 5371 onati‘nurtun
2130 5329 2178 5367 tu
2206 5306 2307 5367 λη-

720 5370 1028 5453 τιρυιτλτεέ
1052 5370 1191 5424 Nam
1211 5375 1305 5453 etsi
1327 5374 1381 5453 id
1402 5376 1665 5453 antiquum
1691 5370 1968 5447 aliquando
1989 5384 2109 5453 fuit,
2138 5393 2307 5439 tamen

718 5446 842 5514 quia
860 5445 975 5514 jam
1006 5444 1173 5514 fuerat
1202 5442 1483 5498 obsoletum
1499 5448 1608 5514 jam
1635 5458 1706 5501 est
1737 5442 1941 5507 nouunt.

791 5515 865 5581 (ὁ)
895 5513 1087 5582 [lelege
1118 5513 1373 5582 hymnum
1406 5515 1470 5569 de
1500 5513 1651 5571 novo
1690 5518 1887 5576 lumine
1935 5523 2138 5578 sabbati
2174 5524 2302 5579 Pas-

720 5579 887 5638 chalis
913 5600 925 5633 :
951 5579 1188 5653 Inuenta}
1243 5584 1409 5647 rutili,
1458 5586 1568 5640 du:
1607 5587 1752 5653 bone,
1795 5590 2073 5647 luminis...
2115 5593 2304 5649 Lucem

720 5657 873 5707 redde
909 5653 1030 5716 tuis,
1056 5651 1273 5721 Christe,
1300 5654 1605 5721 ﬁdelibus...
1635 5651 1855 5714 Incussu
1900 5664 2055 5717 silicis
2096 5664 2293 5719 Iuntina

724 5739 813 5799 nos
834 5732 1000 5799 tamen
1041 5720 1307 5777 Monstras
1324 5726 1570 5799 saaigeno
1597 5730 1783 5799 semine
1806 5749 2054 5799 (μαντεῖε,
2090 5733 2171 5789 Ne
2204 5752 2293 5787 ne-

724 5794 869 5845 sciret
917 5792 1088 5856 homo,
1121 5808 1261 5862 spem
1297 5795 1393 5848 sibi
1415 5792 1622 5852 luminis
1664 5798 1729 5851 In
1758 5792 1945 5856 Christi
1975 5792 2140 5857 solido
2179 5821 2285 5856 cor-

718 5876 847 5927 pore
882 5862 1228 5916 conditam...
1261 5862 1423 5919 Vinea:
1439 5869 1649 5935 ﬂamma
1677 5872 1825 5942 viget,
1846 5891 1930 5928 seu
1952 5890 2072 5929 cura
2108 5876 2291 5931 testula

2421 3416 2468 3468 si
2488 3415 2700 3485 quieris,
2723 3417 2767 3468 el
2800 3430 2985 3485 magno
3024 3416 3217 3469 honore
3253 3415 3373 3485 fuit.
3408 3414 3657 3480 Omnibus
3682 3415 3806 3470 uicis
3830 3423 4016 3469 statua:

2425 3507 2577 3578 {actm
2599 3522 2618 3561 :
2659 3506 2727 3561 ad
2755 3522 2842 3561 eas
2884 3509 3002 3560 thus
3029 3516 3076 3561 et
3106 3510 3258 3563 cerei.
3310 3507 3483 3561 Eccur
3524 3507 3683 3577 igitur
3709 3506 3797 3562 hic
3844 3506 4015 3560 honor

2424 3598 2536 3653 Deo
2568 3596 2856 3653 habendus
2886 3612 2991 3651 non
3014 3598 3153 3653 erit!
3183 3596 3254 3653 At
3294 3597 3484 3667 primis
3510 3597 3762 3653 Ecclesia:
3802 3595 4015 3652 sarculis

2423 3689 2760 3745 consuetudo
2812 3704 2919 3745 non
2976 3698 3095 3745 erat
3145 3690 3477 3745 accendendi
3521 3689 3722 3745 lumina
3758 3690 4012 3745 interdiu.

2426 3783 2732 3841 Concedam
2765 3799 2872 3839 non
2903 3793 3153 3840 constare
3184 3784 3252 3840 de
3274 3798 3339 3839 ea
3362 3783 3751 3840 consuetudine
3775 3799 3789 3836 :
3811 3792 3867 3837 at
3908 3782 4013 3839 rei-

2423 3890 2521 3945 psa
2552 3889 2661 3930 non
2691 3873 2879 3943 fuisse,
2910 3874 3164 3945 siquando
3184 3876 3251 3929 ad
3279 3874 3578 3931 Ecclesiam
3606 3873 3897 3931 Christiani
3926 3873 4013 3927 in-

2422 3967 2590 4021 terdiu
2628 3967 3003 4033 convenerint,
3057 3981 3329 4036 nunquam
3359 3965 3601 4022 evinces.
3649 3966 3760 4021 lmo
3792 3978 3921 4019 vero
3946 3978 4011 4019 ex

2428 4059 2493 4113 iis
2523 4073 2643 4127 qua:
2664 4058 2825 4113 habet
2846 4057 3171 4113 Prudentius
3206 4058 3409 4129 hymno
3435 4058 3491 4125 5,
3522 4065 3581 4113 ut
3610 4057 3745 4112 nihil
3773 4070 3914 4111 nunc
3934 4055 4012 4110 di-

2420 4151 2543 4204 cam
2574 4149 2642 4203 de
2674 4149 3014 4205 eandelabris
3059 4151 3239 4206 aureis
3280 4152 3714 4220 persecutionum
3747 4160 4007 4220 tempore,

2421 4242 2488 4323 de
2514 4242 2707 4312 quibus
2755 4256 2945 4297 rursus
2996 4256 3145 4297 num.
3207 4241 3333 4309 152,
3381 4257 3569 4314 arguo,
3620 4243 3821 4299 Iuntina
3850 4245 4008 4299 etiam

2416 4349 2542 4391 cum
2566 4345 2726 4389 noctu
2748 4334 3202 4399 accendebantur,
3228 4351 3336 4390 non
3349 4344 3552 4391 tantum
3566 4335 3633 4392 ad
3659 4336 3905 4391 tenebras
3925 4335 4009 4392 de-

2426 4426 2723 4497 pellendas,
2737 4426 2833 4481 sed
2856 4429 3121 4496 prtecipue
3131 4427 3196 4481 ad
3218 4427 3479 4483 honorem
3497 4427 3607 4482 Deo
3626 4428 4007 4499 prtestandum,

2422 4519 2539 4573 sive
2565 4517 2966 4573 multitudinem
2997 4516 3329 4585 consideres,
3379 4520 3496 4576 sive
3521 4521 3680 4585 ritus,
3713 4519 3879 4575 fuisse
3916 4519 4007 4574 ad-

2422 4609 2590 4663 hibita
2615 4608 2718 4679 (b).

2422 4897 2646 4972 succum
2678 4897 2889 4972 linteglo
2910 4898 3133 4967 suggerit
3163 4897 3321 4967 ebrio,
3354 4901 3461 4956 Seu
3503 4902 3656 4969 pinus
3684 4898 3877 4972 picengn
3910 4903 4004 4969 [ert

2415 4969 2715 5022 alimoniam
2738 5014 2751 5032 ,
2787 4968 2889 5024 Seu
2920 4985 3087 5021 cerant
3133 4977 3335 5023 teretem
3377 4982 3563 5037 stuppa
3612 4973 3777 5025 calens
3816 4968 4003 5029 bibit...

2416 5039 2702 5108 Splendeat
2732 5055 2853 5108 ergo
2883 5040 2986 5091 tuis
3012 5042 3322 5106 muneribus,
3360 5040 3532 5104 l’atrr,
3567 5040 3815 5094 Flammis
3843 5043 4002 5095 mobi-

2415 5107 2552 5183 libus
2580 5109 2773 5163 scilicet
2796 5107 2959 5183 atria,
2984 5107 3347 5183 Absentemque
3373 5112 3504 5165 diem
3536 5113 3639 5183 luat
3663 5112 3766 5183 agit
3793 5114 4000 5182 amula,

2416 5178 2582 5252 Quam
2612 5196 2715 5233 una:
2737 5194 2857 5252 cum
2889 5181 3056 5252 lacero
3098 5180 3229 5252 vi_c_ta
3253 5183 3382 5252 fugit
3407 5184 3586 5252 peplo:
3612 5178 3716 5238 Sed
3739 5183 3851 5251 quis
3896 5178 3998 5237 noti

2413 5249 2583 5316 rapidi
2620 5251 2827 5302 luminis
2855 5250 3100 5313 arduam,
3132 5248 3525 5319 ﬂuitantemque
3558 5251 3662 5305 Deo
3693 5248 3868 5304 cernat
3894 5259 3999 5305 orl-

2417 5320 2689 5385 ginem?...
2724 5319 2951 5391 Pendent
2982 5320 3249 5391 mobilibus
3270 5323 3466 5374 lumina
3493 5322 3715 5391 funibus,
3742 5321 3869 5387 Qua:
3894 5324 3999 5391 δορί.

2416 5391 2523 5462 [ista
2552 5392 2736 5462 micant
2764 5406 2854 5459 per
2884 5390 3166 5453 laquearia,
3198 5389 3262 5445 Et
3288 5392 3349 5445 de
3375 5389 3688 5462 languidulis
3716 5394 3823 5462 fota
3853 5389 3998 5445 natu-

2416 5459 2550 5531 tibus
2580 5460 2763 5514 Lucem
2791 5462 3058 5530 perspicuo
3085 5462 3296 5527 ﬂamma
3311 5464 3441 5531 jacit
3464 5459 3610 5515 uitro.
3640 5459 3851 5527 Credas,
3880 5466 3996 5517 stel-

2417 5530 2629 5602 ligeram
2657 5531 2875 5602 desuper
2904 5546 3078 5602 aream
3122 5530 3371 5585 Ornatam
3409 5534 3624 5602 geminis
3651 5543 3787 5585 stare
3806 5534 3995 5602 trioni-

2413 5598 2527 5664 bus,
2564 5598 2650 5665 Et,
2673 5598 2794 5669 qua
2830 5598 3166 5673 bosphoreum
3196 5613 3325 5655 temo
3355 5598 3483 5672 regit
3524 5605 3711 5673 jugum
3734 5644 3749 5670 ,
3794 5601 3995 5656 Passim

2413 5684 2699 5737 purpureos
2728 5670 2961 5738 spargier
2985 5674 3244 5739 hesperos.
3277 5670 3437 5728 Visne
3467 5670 3653 5727 nudii'e
3676 5687 3889 5729 Causam
3922 5682 3998 5727 tot

2404 5749 2622 5820 tamque
2649 5740 2778 5820 varii
2810 5742 3023 5820 generis
3059 5744 3353 5820 luminum?
3402 5742 3631 5820 Itaergo
3660 5742 3997 5820 pergit-Prn-

2402 5809 2621 5882 dentius
2647 5827 2660 5862 :
2698 5809 2742 5863 0
2764 5825 2844 5863 res
2876 5813 3063 5882 dignaL
3080 5810 3255 5882 Pater,
3280 5828 3431 5880 quam
3452 5814 3539 5865 tibi
3570 5809 3785 5882 roscida:
3814 5811 3996 5866 Noctis

2403 5879 2656 5949 principio
2687 5896 2811 5952 grex
2838 5879 2953 5935 tuus
2985 5879 3191 5949 σπίναι,
3226 5879 3419 5937 Lucem
3444 5899 3544 5954 qua
3572 5881 3752 5938 tribuis
3780 5882 3853 5935 nil
3881 5899 3996 5951 pre-
