4322 6408
141 458 235 516 (illi

1531 419 2057 487 PROLEGOMENA.

3334 406 3442 465 Ct"!

146 569 400 628 Eusebius
448 566 542 621 lib.
584 580 634 620 Vl
665 564 801 620 liist.
829 601 845 627 ,
872 572 992 627 cap.
1022 558 1115 619 δι,
1168 568 1292 609 cum
1335 558 1481 605 notis
1529 544 1730 601 Valesii
1761 552 1812 605 Α
1912 540 2034 597 “9.
2080 534 2346 593 Prseclare
2385 546 2514 628 vero
2550 530 2623 628 de
2674 527 3025 628 accensione
3059 526 3324 584 luminum
3378 531 3432 585 in

149 662 302 735 126
329 658 571 715 meminit
600 655 966 727 precationum
995 662 1118 718 qua:
1138 646 1190 701 in
1214 654 1484 735 postrema
1509 636 1734 735 Passim

146 728 317 822 :ig—ilia
346 750 548 805 liebant
572 747 674 802 sub
703 743 950 811 Philippo
999 740 1343 806 imperatore.
1404 728 1722 787 Lactantius

149 821 235 897 lib.
267 856 361 903 ru,
388 854 507 907 cup.
544 836 611 892 l9
643 854 655 887 :
695 832 759 886 Et
787 832 895 886 hac
918 839 991 884 est
1020 843 1147 890 nox,
1168 839 1284 895 quas
1303 839 1336 877 a
1356 821 1503 876 nobis
1527 827 1735 889 propter

147 934 413 987 aduentum
445 930 600 998 [legis
621 944 683 979 ac
708 924 803 979 Dei
823 922 983 977 nostri
1007 919 1272 991 pervigilio
1298 916 1608 970 celebratur.
1629 909 1736 965 Cu-

148 1031 229 1099 jus
269 1024 433 1077 noctis
471 1021 667 1087 duplex
710 1017 848 1071 ratio
878 1022 977 1076 est,
1028 1010 1163 1080 quod
1193 1012 1248 1062 in
1287 1023 1348 1061 ea
1372 1015 1419 1059 et
1446 1006 1603 1059 vitam
1629 1012 1739 1055 tum

148 1116 355 1184 recepit,
392 1129 512 1167 cum
544 1126 727 1179 passus
766 1118 865 1171 est,
898 1114 947 1159 et
976 1112 1153 1172 postea
1182 1099 1321 1154 orbis
1349 1106 1501 1151 teme
1524 1107 1737 1164 regnum

150 1216 438 1274 recepturus
462 1212 540 1258 est
568 1200 667 1271 (a).

227 1299 347 1352 N8.
383 1296 460 1350 Es
495 1291 784 1349 traditione
808 1285 1105 1357 apostolica
1145 1279 1592 1338 consuetudinem
1644 1277 1742 1331 ltu-

153 1392 237 1460 jus
260 1363 523 1457 pervigilii
556 1378 932 1451 frequentandi
965 1387 1315 1446 permanasse
1342 1372 1506 1425 tradit
1532 1369 1593 1424 S.
1616 1367 1742 1422 llie-

154 1494 406 1551 rnnymus
433 1478 529 1532 lib.
564 1492 614 1529 tv
637 1475 689 1528 in
718 1473 905 1527 Ilattli.
936 1484 1055 1538 cap.
1099 1483 1226 1531 xxv,
1255 1465 1318 1518 ad
1349 1463 1533 1528 verba,
1568 1460 1745 1551 Media

156 1550 317 1628 autem
355 1580 503 1623 nocte
535 1568 729 1621 clamor
769 1566 931 1634 {actus
956 1573 1053 1625 est,
1083 1569 1189 1612 etc.
1237 1556 1420 1611 Subito
1445 1554 1580 1607 enim
1600 1550 1748 1615 quasi

158 1666 453 1733 intempesta
482 1666 649 1723 nocte,
676 1666 722 1709 et
753 1653 946 1708 securis
986 1649 1242 1714 omnibus,
1270 1646 1476 1715 quando
1502 1643 1746 1713 gravissi-

159 1770 266 1807 mus
291 1767 445 1820 sopor
465 1757 564 1815 est,
600 1762 688 1816 per
715 1744 1017 1814 angelorum
1042 1740 1323 1793 clamorem
1348 1750 1396 1790 et
1444 1735 1589 1788 tubas
1616 1746 1747 1803 prat-

158 1846 440 1899 cedentium
491 1838 852 1911 {ortitudinum
905 1832 1101 1887 Christi
1152 1828 1413 1885 resonabit
1474 1827 1745 1881 adventus.

1839 632 2122 702 pervigilio
2160 628 2382 683 Pascha:
2437 625 2496 683 S.
2540 622 2832 693 Gregorius
2899 620 3271 677 Nazianzenus
3307 636 3437 676 ora-

1840 726 1987 781 tione
2038 739 2074 778 ιι
2132 724 2186 777 in
2229 720 2431 776 Pascha
2474 733 2489 773 :
2531 716 2663 771 Haec
2710 716 2854 769 nobis
2898 715 3053 786 127
3096 714 3436 783 festioitatum

1840 817 2086 889 festivitas
2114 854 2129 879 ,
2208 820 2255 867 et
2325 808 2675 865 celebritatum
2742 805 3006 859 celebritas
3174 803 3439 860 Prteclaru

1846 908 2052 977 quidem
2084 904 2228 958 nobis
2272 904 2373 972 fuit
2420 901 2658 954 hesterna
2709 911 2901 951 racmu
2947 910 3010 955 sc
3056 909 3291 950 Luutsuu
3350 910 3443 965 ge-

1843 999 1998 1051 statio
2043 994 2239 1065 (quam
2294 992 2534 1061 pricatim
2574 992 2731 1061 juxta
2784 987 3083 1058 publiceque
3144 987 3437 1059 peregimus

1843 1102 1992 1142 omne
2048 1102 2207 1158 genus
2262 1084 2529 1137 hominum
2585 1082 2744 1152 ferme
2773 1121 2787 1145 ,
2836 1088 2990 1148 atque
3044 1094 3218 1132 omnes
3267 1079 3440 1150 magi-

1843 1186 2007 1233 stratu
2033 1185 2079 1230 et
2124 1176 2374 1246 dignitate
2412 1173 2659 1242 insignes,
2692 1184 2864 1225 ιλιιςο
2898 1184 3018 1223 lous
3059 1177 3258 1223 noctem
3279 1170 3443 1223 collu-

1847 1277 2087 1331 strantes,
2122 1266 2269 1335 etc.).
2306 1265 2369 1318 At
2415 1263 2665 1317 hodierna
2691 1262 2977 1331 praclariar
3014 1268 3061 1314 ct
3086 1262 3440 1315 excellentior.

1850 1359 1987 1413 Nam
2012 1372 2325 1412 ussrnnuuu
2350 1371 2524 1411 LIIII-1!!
2546 1354 2720 1423 magni
2743 1352 2881 1407 illius
2899 1353 3107 1406 luminis
3128 1355 3446 1424 etsurgentis

1848 1448 2195 1520 prtenuntium
2215 1457 2352 1509 erat,
2380 1463 2439 1500 ac
2468 1447 2621 1501 veluti
2646 1447 2871 1515 profesta
2896 1445 3132 1514 qua'dam
3155 1446 3447 1500 animorum

1850 1541 2102 1607 uoluplas.
2137 1536 2202 1591 Et
2246 1536 2491 1591 oratione
2541 1538 2594 1589 in
2645 1536 2858 1589 laudem
2910 1536 3078 1604 patris
3104 1536 3185 1589 sui
3226 1537 3446 1599 mortui,

1851 1646 1971 1700 qum
2002 1638 2085 1683 est
2112 1645 2225 1692 sis,
2260 1644 2381 1697 pag.
2431 1629 2534 1684 504
2567 1646 2579 1680 :
2611 1627 2792 1682 Morbo
2843 1629 3002 1697 igitur
3050 1628 3337 1696 laborabat,
3386 1646 3449 1683 ac

1854 1722 2016 1774 morbi
2045 1732 2245 1790 tempus
2289 1728 2398 1774 erat
2444 1732 2699 1785 sanctum,
2752 1730 2798 1773 et
2829 1720 3023 1775 celebre
3060 1720 3283 1787 l'ascha,
3340 1722 3451 1776 dies

1854 1816 2053 1869 dierum
2078 1830 2189 1876 rex,
2238 1829 2298 1866 ac
2326 1828 2613 1867 sPLHltilDA
2668 1828 2789 1867 ILLA
2829 1828 2930 1867 uox
2989 1814 3181 1881 peccati
3216 1816 3451 1869 tenebras

161 1939 403 1992 Dicamus
428 1906 652 2001 aliquid,
686 1928 823 1998 quod
844 1927 1062 1994 forsitan
1089 1922 1270 1977 lectori
1300 1920 1424 1975 utile
1450 1922 1534 1974 sit.
1569 1916 1752 1970 Tradi-
1788 1918 1833 1977 Β
1858 1926 1868 1960 t

1747 1945 1752 1955 .
1788 1918 1833 1977 ῃ
1858 1908 2074 1971 solvens,
2099 1906 2152 1958 in
2180 1922 2282 1976 qua
2309 1922 2399 1958 nos
2426 1921 2539 1957 cum
2582 1920 2758 1960 uacus
2804 1921 3017 1959 Luulsis
3039 1920 3191 1961 εοριΑ
3234 1921 3454 1962 ελιυτιθ

165 2034 230 2085 tio
256 2030 569 2084 Judteorum
592 2034 666 2078 est
716 2020 977 2077 Christum
1005 2017 1172 2071 media
1200 2024 1345 2069 nocte
1382 2023 1649 2066 venturum
1696 2010 1751 2061 in

162 2123 544 2177 similitudinem
567 2115 808 2187 Egyptii
849 2111 1114 2181 temporis,
1157 2107 1365 2179 quando
1396 2104 1599 2159 Pascha
1623 2104 1753 2156 cele-

167 2217 359 2267 bratum
405 2221 483 2266 est
510 2253 524 2275 ,
559 2219 606 2263 et
646 2205 1011 2261 exterminator
1046 2202 1203 2264 venit,
1232 2208 1280 2253 et
1313 2196 1563 2251 Dominus
1601 2209 1754 2263 super

164 2305 491 2359 tabernacula
518 2300 742 2361 transiit,
777 2305 826 2350 et
846 2294 1097 2365 sanguine
1123 2292 1246 2361 agni
1270 2299 1436 2358 postes
1464 2295 1756 2341 nostrarum

168 2398 410 2465 frontium
451 2388 731 2445 consecrati
758 2395 893 2441 sunt.
947 2382 1097 2437 Unde
1144 2396 1281 2448 reor,
1334 2388 1383 2434 et
1431 2379 1759 2432 traditionem

170 2486 501 2553 apostolicam
525 2478 889 2553 permansisse,
916 2476 1169 2546 (fortasse
1197 2472 1502 2542 legendum,
1552 2483 1759 2539 perma-

172 2580 339 2645 nasse)
372 2586 427 2629 ut
467 2575 521 2626 in
548 2573 633 2626 die
678 2569 972 2642 uigiliarum
1008 2565 1225 2620 Pascha
1256 2574 1374 2618 ante
1413 2562 1576 2616 noctis
1609 2562 1763 2614 dimi-

173 2670 308 2721 dium
328 2666 544 2737 papulas
569 2664 825 2717 dimittere
842 2678 943 2715 non
970 2660 1143 2723 liceat,
1174 2662 1522 2725 exspectantes
1576 2652 1765 2705 adven-

176 2772 281 2816 tum
336 2758 547 2814 Christi.
596 2754 663 2809 Et
713 2764 983 2825 postquam
1038 2751 1174 2805 illud
1232 2760 1433 2818 tempus
1483 2748 1764 2811 transierit,

175 2853 441 2907 securitate
464 2858 800 2919 prasumpta,
828 2851 1011 2916 festum
1036 2851 1243 2897 cunctos
1271 2856 1421 2911 agere
1441 2840 1594 2893 diem.
1622 2837 1767 2893 Unde

174 2955 221 2998 et
249 2942 534 3000 Psalmista
566 2940 763 2995 dicebat
788 2956 809 2992 :
836 2936 1012 2993 Media
1037 2944 1184 2990 nocte
1223 2933 1486 3003 surgebam
1510 2932 1578 2983 ad
1608 2929 1771 2997 con/i-

175 3038 381 3089 tendum
435 3034 529 3089 tibi
569 3047 724 3103 super
758 3032 963 3101 judicia
1007 3026 1396 3100 Justtﬁcationis
1434 3035 1553 3077 tua.
1597 3024 1772 3089 Atque

183 3128 295 3181 lucc
322 3136 407 3181 est
435 3138 597 3179 cauSa
627 3138 725 3177 cur
752 3120 1075 3176 Prudentius
1106 3117 1480 3172 liberationem
1504 3124 1557 3168 et
1585 3128 1773 3182 egres-

180 3232 294 3274 sum
340 3217 524 3291 pOpuli
582 3214 743 3271 Israel
799 3228 866 3270 ex
930 3211 1166 3282 Egypto
1232 3207 1478 3278 pluribus
1538 3204 1775 3274 strophis

180 3322 368 3368 canat:

363 3446 529 3495 Moses
551 3454 729 3503 nempe
753 3441 912 3491 Deum
938 3438 1169 3503 spinifero
1196 3439 1242 3485 in
1266 3437 1391 3485 rubo

367 3507 500 3558 Vidit
529 3502 793 3557 consoicuo
812 3503 997 3553 lumine
1022 3502 1317 3549 ﬂammeum.

183 3654 509 3725 (Zumparaiit
560 3652 720 3706 etiam
752 3650 853 3705 SS.
902 3648 1091 3703 Patres
1138 3644 1338 3715 populo
1379 3642 1677 3698 Israelitico
1703 3656 1773 3697 ex

183 3746 389 3818 Algypti
424 3744 707 3817 tyrannide
728 3744 958 3797 liberato
983 3744 1180 3809 justos,
1213 3754 1243 3792 a
1297 3749 1619 3807 resurgente
1664 3737 1771 3790 Do-

187 3840 329 3893 mino
353 3839 406 3893 in
430 3837 630 3892 caelum
661 3844 934 3899 evocatos,
968 3841 1025 3886 ut
1051 3830 1111 3886 S.
1154 3829 1447 3896 Gregorius
1488 3828 1776 3883 Nazianze-

186 3944 282 3984 nus
308 3939 449 3985 orat.
478 3930 531 3982 in
569 3926 793 3991 l'asclizi,
818 3934 872 3977 et
902 3925 953 3977 in
1007 3922 1311 3976 tardita'em
1342 3936 1354 3970 :
1389 3920 1561 3973 Hodie
1605 3918 1777 3988 digg-

184 4035 327 4092 ptum
354 4022 564 4077 omnino
592 4020 840 4093 fugimus,
867 4029 913 4073 et
945 4017 1323 4071 amarulentum
1360 4015 1509 4069 illum
1537 4013 1778 4069 Pharao-

186 4132 298 4169 nens
322 4115 424 4188 (θ).

253 4330 329 4401 (a)
360 4330 533 4397 Quem
575 4329 751 4382 locum
785 4342 893 4401 pra:
932 4326 1105 4401 oculis
1144 4326 1328 4401 habuit
1368 4324 1601 4401 isidorus
1656 4326 1782 4401 Εῃξἡ

190 4397 318 4455 muli
346 4403 442 4455 lib.
478 4416 551 4463 νι,
582 4415 631 4455 c.
665 4402 727 4454 l7
763 4415 776 4449 :
816 4399 979 4470 Cujus
1010 4398 1278 4470 (Pasclize)
1307 4413 1411 4470 nox
1431 4397 1552 4470 ideo
1568 4398 1782 4467 pervigil

188 4474 391 4525 duritur
435 4480 647 4542 prapter
703 4464 974 4542 adventum
1024 4468 1179 4539 [legis
1222 4484 1283 4519 ac
1337 4464 1780 4542 ﬂamini—nostri,

190 4552 241 4594 ut
269 4537 465 4612 tempus
502 4537 890 4594 resurrectionis
920 4541 1031 4609 ejus
1071 4537 1162 4591 nos
1184 4537 1643 4612 nongdormientes,
1690 4539 1780 4612 sed

191 4609 452 4682 vigilantes
483 4612 709 4665 inveniat
740 4626 760 4665 :
803 4615 950 4680 cujus
976 4612 1138 4664 noctis
1176 4609 1368 4679 duplex
1405 4609 1538 4660 ratio
1556 4618 1657 4682 est,
1680 4609 1783 4682 sive

191 4680 322 4750 quod
346 4686 400 4736 in
425 4699 489 4735 ea
509 4683 665 4734 vitam
687 4692 805 4734 tunc
828 4682 1038 4747 recepit,
1063 4696 1178 4733 cum
1202 4696 1382 4747 passus
1402 4691 1498 4744 est,
1520 4680 1624 4731 sive
1642 4680 1782 4748 quod

1857 2012 2077 2050 nos'rnc
2111 2010 2320 2051 rssruu
2345 2009 2765 2050 caueamus...
2806 1993 3043 2065 Mysterii
3089 2005 3288 2065 tempus
3328 1997 3456 2051 ade-

1858 2097 1939 2141 rat
1962 2088 2059 2157 (ε).
2085 2086 2348 2141 Eusebius
2372 2087 2466 2140 lib.
2497 2101 2547 2140 Iv
2574 2086 2641 2141 de
2663 2085 2702 2139 ν
2730 2094 2781 2139 ta
2803 2084 3165 2150 Constantini,
3193 2101 3313 2156 cap.
3341 2088 3415 2141 22
3442 2105 3453 2139 :

1860 2175 1982 2245 Ipse
2003 2194 2119 2232 vero
2140 2175 2576 2250 (Constantinus)
2594 2188 2647 2231 ut
2672 2186 2787 2248 pote
2806 2193 3071 2231 sacrorum
3094 2182 3459 2249 mysteriorum

1860 2272 2183 2340 particeps...
2234 2268 2291 2322 in
2330 2270 2455 2339 ipsis
2494 2269 2776 2335 salutifera:
2802 2269 3093 2339 festivitatis
3138 2269 3336 2335 diebus,
3376 2270 3459 2323 di-

1860 2361 2095 2430 sciplina:
2148 2369 2303 2431 atque
2370 2360 2792 2413 exercitationum
2866 2362 3090 2431 vigorem
3159 2361 3462 2421 intendens,

1864 2455 2061 2505 cunctis
2106 2452 2267 2505 animi
2312 2460 2360 2504 et
2408 2452 2636 2518 corporis
2678 2450 2869 2506 viribus
2914 2450 3164 2517 collectis,
3208 2452 3466 2519 pontiﬁcis

1866 2551 2019 2613 atque
2043 2542 2396 2610 hicmphantw
2423 2558 2633 2596 munere
2667 2543 2999 2614 fungebatur.
3032 2539 3098 2593 Et
3122 2543 3230 2612 ipse
3254 2545 3467 2612 quidem

1869 2636 2065 2689 ca'teris
2110 2635 2343 2689 omnibus
2388 2635 2604 2703 pratibat
2653 2636 2722 2687 ad
2752 2637 2867 2705 festi
2920 2636 3330 2690 celebratiJnent.
3365 2636 3469 2692 Sa-

1870 2743 2008 2780 cram
2050 2737 2223 2780 autem
2253 2726 2483 2798 vigiliam
2528 2741 2579 2780 IN
2628 2740 2859 2780 DIUBNUII
2889 2740 3231 2779 aususnon“
3261 2742 3471 2781 concer-

1872 2827 2021 2885 terat,
2054 2819 2278 2873 accensis
2326 2828 2433 2871 tota
2465 2820 2586 2871 urbe
2629 2833 2891 2871 cercorum
2933 2818 3243 2887 quibusdam
3272 2820 3471 2873 colunt-

1874 2912 1953 2963 nis
2002 2928 2095 2979 per
2137 2927 2227 2964 eos
2268 2911 2449 2980 quibus
2476 2911 2531 2962 id
2568 2912 2736 2979 aperis
2763 2919 2870 2965 erat
2917 2911 3224 2980 injunctum.
3251 2911 3473 2982 Lampa-

1875 3002 1963 3052 des
1989 3015 2189 3069 quoque
2234 3015 2461 3054 accensa:
2504 3014 2685 3053 cuncta
2715 3003 2909 3070 pass‘m
2939 3002 3051 3054 loca
3093 3001 3423 3055 illustrabant
3453 3016 3473 3054 :

1875 3092 2008 3146 adeo
2050 3101 2105 3143 ut
2148 3093 2257 3144 ha'c
2282 3092 2497 3161 mystica
2534 3092 2706 3161 vigilia
2735 3093 2909 3161 quovis
2934 3092 3013 3145 uel
3058 3092 3477 3161 splendidissimo

1879 3180 1963 3233 die
2012 3180 2267 3234 illustrior
2296 3182 2616 3236 redderetur.
2664 3182 2908 3237 Valesius
2947 3192 3097 3237 notat
3136 3175 3478 3241 Christianos

1807 3290 1851 3351 ο
1886 3272 2023 3325 intra
2068 3271 2350 3327 eCilCSlﬂlll
2396 3272 2674 3325 dumtaxat
2722 3288 3006 3327 cercorum
3062 3275 3357 3329 maximam
3385 3292 3478 3331 co-

1888 3363 2025 3426 piam
2054 3363 2353 3416 accendere
2396 3364 2761 3428 consucvisse,
2819 3362 3233 3420 Constantinum
3268 3369 3320 3420 in
3380 3367 3479 3425 lio-

1887 3470 2072 3509 ιλιι-ειη
2128 3465 2289 3509 tantae
2350 3454 2657 3510 festivitatis
2722 3471 2913 3513 cereos
2978 3468 3131 3519 extra
3189 3461 3478 3516 ecclesiam

1885 3550 2103 3601 arcendi
2131 3548 2395 3615 iussisse;
2428 3548 2707 3603 columnas
2731 3548 2850 3604 illas
2875 3564 3063 3605 cereas
3080 3552 3366 3621 designare
3382 3569 3479 3608 ce-

1887 3660 2035 3698 reum
2069 3644 2409 3709 i'asclialem,
2438 3644 2506 3699 de
2532 3659 2637 3713 quo
2666 3644 2937 3699 Barnabas
2964 3645 3268 3701 Brissonius
3288 3648 3479 3718 singu-

1887 3736 2050 3789 lazem
2100 3735 2292 3790 librum
2318 3736 2552 3804 scripsit.
2602 3735 2660 3791 S.
2708 3734 2859 3789 Zeno
2888 3736 3221 3793 Veronensis
3265 3740 3318 3793 in
3345 3739 3479 3795 Ser-

1885 3844 2044 3882 mone
2075 3843 2089 3880 ι
2135 3826 2202 3881 ad
2252 3827 2555 3897 neophytos
2599 3826 2842 3895 ejusdem
2877 3828 3137 3899 pervigilii
3168 3831 3368 3885 lumina
3402 3832 3483 3886 in-

1886 3921 2027 3975 dicat
2066 3938 2078 3971 :
2123 3918 2250 3973 Post
2299 3920 2623 3973 devotissima
2669 3918 2925 3988 completa
2968 3922 3283 3989 expiationis
3322 3938 3493 3991 sacras

1885 4023 2028 4083 casta
2060 4013 2277 4080 iejunia,
2310 4021 2422 4081 post
2450 4026 2773 4067 ειΑιιιεειυε
2804 4026 2991 4067 NOCTIS
3033 4028 3127 4065 suo
3170 4014 3277 4067 sole
3309 4012 3487 4071 dulces

1885 4105 2090 4175 vigilias
2116 4102 2221 4173 (α).

1887 4327 2060 4380 batur.
2098 4323 2403 4395 Perrigilem
2436 4323 2568 4377 enim
2600 4334 2803 4378 noctem
2848 4324 3182 4379 traducebant
3224 4343 3379 4392 usque
3418 4335 3488 4382 ad

1886 4398 2070 4451 horam
2123 4397 2393 4467 septimam
2424 4404 2689 4467 cantantes
2715 4412 2775 4449 ac
2822 4395 3087 4465 lampades
3134 4400 3484 4465 accendentes,

1888 4479 2039 4537 atque
2092 4465 2783 4537 imminentent_Sert'atoris
2844 4469 3006 4520 nostri
3067 4470 3488 4525 resurrectionem

1888 4535 2257 4608 exspectantes.
2290 4536 2423 4602 Qua:
2455 4535 2729 4591 Prudentii
2756 4536 2957 4608 hymno
2986 4548 3309 4593 consciiant.

1967 4606 2044 4678 (ά)
2067 4606 2267 4663 Confer
2305 4621 2602 4678 sermones
2627 4606 2869 4675 ejusdem
2897 4606 3136 4662 Zenonis
3165 4609 3228 4662 de
3280 4608 3486 4678 Exodo,

1888 4678 1963 4733 nti
1991 4680 2159 4750 etiam
2192 4685 2454 4750 tractatus
2484 4677 2865 4750 S.__Gaudcntii
2917 4678 3210 4750 Brisiensis
3252 4683 3492 4750 episcopi

194 4739 362 4819 postea
392 4754 573 4806 eadem
604 4755 729 4803 hora
756 4768 856 4820 qua
882 4739 1182 4815 resurrexit,
1202 4739 1778 4820 'adjudicandum'oen-
1812 4739 1859 4798 D
1889 4750 1943 4803 in
1980 4749 2245 4814 Exodum,
2268 4748 2332 4802 de
2356 4756 2503 4820 nocte
2536 4746 2864 4820 Vigiliarum,
2900 4749 2965 4801 de
3007 4748 3227 4803 Paschw
3261 4739 3492 4806 observa-

195 4834 332 4878 turus
363 4832 463 4877 est.
494 4822 652 4889 Quod
681 4836 709 4873 a
743 4821 897 4875 nobis
928 4820 1025 4875 fuit
1054 4819 1612 4883 animadvertendum,
1654 4820 1776 4887 quia

198 4893 249 4946 in
283 4896 424 4956 notis
446 4894 515 4947 ad
553 4892 858 4961 Etymolog.
893 4889 1082 4944 lsidori
1113 4892 1379 4961 indicatus
1411 4902 1516 4961 non
1564 4898 1649 4945 est
1695 4890 1779 4944 lo-

196 4979 287 5019 cus
308 4963 597 5026 Lactantii,
624 4960 681 5015 ut
708 4962 798 5015 alii
829 4961 1053 5015 aliorum
1088 4962 1263 5015 solent
1294 4960 1540 5013 indicari.

265 5039 345 5103 (b)
378 5036 515 5088 liinc
547 5032 866 5103 Prudentius
892 5030 1079 5103 v.gi09
1124 5047 1137 5082 :
1174 5028 1365 5103 fessos
1394 5031 1483 5083 ille
1510 5039 1653 5103 uocat
1693 5046 1784 5099 per

201 5097 535 5173 freidsceculi,
556 5102 788 5156 Discissis
809 5101 1055 5173 populum
1079 5100 1368 5173 turbinibus
1389 5115 1587 5173 regens,
1605 5097 1784 5153 lacta-

201 5170 370 5246 tasqne
410 5179 626 5246 animus,
660 5176 808 5246 mille
840 5170 1111 5246 laboribus
1134 5172 1423 5246 dilaturum
1446 5170 1542 5246 Vini
1566 5173 1785 5246 patriam

202 5242 442 5299 scandere
473 5245 729 5313 prwcipit.
759 5242 880 5313 illic
900 5242 1171 5313 purpureis
1201 5250 1333 5295 tecta
1361 5244 1571 5295 rosariis
1604 5242 1784 5313 Omnis

205 5320 392 5384 fragrat
441 5316 651 5377 humus,
679 5322 785 5367 etc.
829 5312 1030 5384 Eodem
1075 5313 1672 5384 pertineut_sermoncs
1722 5312 1782 5365 S.

205 5379 433 5441 Zenoiiis
465 5384 790 5438 Veronensis
815 5422 831 5446 ,
863 5392 918 5436 et
946 5379 1229 5437 Trac'tatus
1257 5382 1314 5438 S.
1349 5379 1634 5437 Gaudentii
1681 5384 1789 5437 liri-

206 5457 397 5510 xieusis
441 5453 685 5523 episcopi
727 5454 791 5507 de
825 5451 1010 5505 Exodo
1050 5456 1103 5505 in
1130 5454 1225 5506 hoc
1262 5452 1552 5523 pervigilio,
1582 5466 1645 5507 ac
1675 5452 1787 5508 fere

208 5535 312 5578 tota
335 5526 641 5580 benedictio
683 5525 826 5578 cerei
869 5523 1163 5592 Paschalis,
1189 5523 1317 5577 (lter
1344 5538 1447 5576 no.1:
1480 5535 1573 5585 est,
1606 5524 1657 5575 in
1687 5540 1787 5592 qua

209 5597 421 5661 primum
449 5606 622 5666 patres
643 5604 845 5648 nostros
866 5593 1005 5663 filios
1028 5591 1194 5666 Israel
1216 5596 1422 5666 eductos
1444 5594 1507 5646 de
1528 5593 1602 5647 1E
1606 5605 1785 5664 gypto,

208 5677 332 5731 etc.,
354 5662 509 5734 cujus
538 5666 819 5720 sentcntiae
839 5662 1105 5734 attinesin
1140 5662 1428 5718 Prudentia
1450 5662 1717 5731 leguntur.

277 5737 347 5809 (c)
394 5733 608 5791 Nicetas
656 5736 709 5809 in
742 5745 895 5809 orat.
942 5743 978 5789 tt
1027 5733 1347 5809 Nazianzeni
1386 5734 1790 5809 dei’ascbate:

215 5801 471 5860 Prtzclara
492 5810 647 5862 etiam
675 5807 774 5876 fuit
808 5805 1047 5859 hesterna
1078 5807 1331 5859 luminum
1359 5806 1647 5869 celebritas,
1694 5808 1790 5859 hac

213 5885 302 5943 est,
342 5888 495 5933 cattus
519 5878 607 5931 ille
628 5879 717 5938 oni
742 5881 809 5928 ad
856 5892 1113 5943 uesperam
1143 5877 1313 5949 magni
1338 5877 1533 5931 sabbati
1567 5877 1789 5932 celebra-

570 5970 847 6031 Ρηιωι..
898 5966 1060 6029 LIX.

1888 4823 2045 4884 tione,
2072 4820 2160 4872 ubi
2180 4828 2341 4873 tract.
2368 4834 2438 4882 tv,
2466 4818 2817 4889 in_princi|iio
2845 4820 3317 4889 splendidissimum
3348 4832 3493 4877 nocte

1891 4891 2183 4961 uigiliarum
2213 4889 2478 4961 vocat.rln
2508 4887 2739 4945 ConSIit.
2771 4887 3017 4960 Apestnt.
3052 4905 3171 4959 cap.
3212 4892 3277 4945 ts
3325 4893 3420 4946 lib.
3459 4911 3490 4945 ν

1892 4960 2067 5028 agitur
2095 4961 2160 5015 de
2202 4960 2588 5031 peruigilatione
2638 4963 2812 5031 magni
2866 4962 3085 5028 sabbati,
3136 4974 3183 5015 et
3214 4962 3277 5015 de
3303 4963 3387 5016 die
3415 4980 3499 5018 re-

1892 5031 2243 5096 surrectionis,
2278 5034 2363 5084 ubi
2395 5030 2558 5085 etiam
2610 5030 2934 5086 sacrificium
2988 5032 3105 5086 lieri
3154 5041 3280 5102 ante
3301 5032 3494 5102 jejnnii

1894 5103 2218 5156 solutionem
2268 5102 2598 5170 praecipitur.
2634 5102 3005 5156 Aldclhelmus
3033 5103 3103 5156 de
3158 5101 3338 5158 Laude
3363 5101 3497 5158 'Vir-

1896 5174 2005 5240 εἰη.
2040 5187 2160 5241 cnp.
2196 5172 2262 5226 lli
2293 5190 2305 5223 :
2340 5170 2403 5224 In
2436 5172 2622 5240 vigiliis
2652 5172 2986 5241 paschalibus
3017 5175 3226 5237 quando
3270 5178 3499 5240 recipro-

1896 5244 1967 5295 cis
1994 5259 2250 5296 aunorum
2278 5243 2486 5296 circulis
2532 5244 2787 5299 anastusis
2817 5246 3075 5297 dominica
3108 5244 3276 5298 solitis
3313 5246 3500 5299 solent-

1895 5314 2074 5367 nitatis
2106 5314 2331 5384 tripudio
2365 5313 2675 5377 celebratur,
2708 5315 2918 5384 fortuito
2946 5316 3161 5384 contigit
3210 5323 3266 5367 ut
3298 5316 3499 5384 lychnis

1892 5384 1954 5435 de
1980 5382 2309 5455 lampadibus
2336 5384 2566 5438 ecclesia:
2612 5386 2815 5455 pinguis
2846 5383 2946 5455 olei
2977 5382 3145 5453 liquor
3174 5382 3499 5455 opportunus

1892 5455 2104 5508 deesset.
2139 5452 2273 5507 Vide
2302 5452 2749 5524 Clirysostoinuiu
2799 5455 2854 5508 in
2879 5452 3119 5509 Genesim
3158 5452 3276 5523 cap.
3316 5458 3372 5509 ll
3408 5459 3500 5511 ho-

1895 5525 2011 5578 mil.
2061 5540 2195 5579 xxx.
2227 5524 2597 5581 Nebrissensis
2646 5536 2844 5579 nostrai
2892 5526 3134 5594 opinioni
3185 5528 3501 5591 assentitur,

1892 5597 2005 5660 qui,
2021 5596 2122 5650 etsi
2140 5596 2399 5667 hymnum
2432 5596 2767 5663 inscripserit
2785 5596 2865 5649 Ad
2885 5596 3235 5651 accensionem
3258 5596 3501 5665 lucerna',

1893 5672 2077 5719 taiiien
2103 5664 2221 5718 ait':
2254 5664 2358 5719 llic
2378 5666 2598 5736 hymnus
2624 5668 2676 5720 in
2705 5667 2959 5735 principio
2987 5668 3173 5733 noctis,
3199 5682 3313 5720 cum
3342 5667 3505 5722 iumi-

1899 5752 1965 5789 na
1986 5737 2353 5802 accenduntur,
2372 5739 2570 5791 cantari
2596 5736 2739 5791 d.bet
2764 5752 2784 5791 :
2813 5740 2889 5791 vel
2915 5750 3121 5795 POTIUS.
3155 5753 3222 5791 ετ
3243 5751 3503 5800 rscons-

1900 5822 2056 5861 mren
2088 5822 2136 5861 ut
2158 5822 2394 5863 suosuo
2423 5823 2646 5872 ssucro,
2669 5824 2787 5861 cum
2815 5806 3014 5861 lumina
3045 5823 3181 5861 noua
3214 5810 3505 5861 incendun-

1894 5885 2001 5947 tur,
2030 5878 2108 5932 cel
2132 5878 2334 5935 incendi
2356 5878 2610 5937 deberent.
2644 5878 2710 5935 Et
2733 5878 2799 5935 ad
2830 5892 3070 5941 versum,
3104 5876 3209 5931 Illa
3240 5886 3387 5933 nocte
3414 5896 3500 5931 sa-

3057 5967 3137 6027 92
