4322 6406
695 446 800 503 ωδ

2082 425 2532 485 PRUDENTIUS.

3845 417 3942 474 σει

771 558 925 629 123
956 555 1074 611 lfiu.
1104 555 1228 610 llec
1255 555 1325 609 ita
1350 551 1488 609 clara
1518 555 1666 611 sunt,
1698 554 1754 599 ut
1784 546 1872 615 qui
1905 544 2127 600 ulterius
2153 545 2253 597 dn-
2283 548 2331 607 Α
2360 542 2492 609 Qua
2535 538 2713 594 omnia
2760 535 3005 629 libenter
3033 548 3133 605 ego
3180 532 3427 629 congessi
3448 544 3617 629 ,“non
3666 528 3839 584 solum
3885 539 3940 629 ut

692 652 825 704 hitet
848 663 914 701 an
944 663 974 700 a
1009 646 1293 700 Prudentia
1324 643 1551 713 hymnus
1574 640 1643 694 de
1670 652 1808 693 novo
1837 634 2035 689 lumine
2056 633 2263 687 sabbati

695 738 965 809 paschalis
1010 738 1075 792 ad
1123 746 1329 790 noctem
1382 730 1680 801 vigiliarum
1722 728 1943 781 Pascha
1984 725 2262 779 celebrau-

695 831 819 884 dam
849 827 1170 897 compositus
1194 823 1374 887 fuerit,
1401 822 1454 876 in
1480 822 1653 875 media
1673 820 1794 874 luce
1818 832 1883 874 ac
1906 817 1994 872 die
2016 816 2264 870 caelitire

2372 632 2624 702 hymnum
2653 626 2929 683 Prudentii
2960 626 3181 694 ejusque
3231 619 3444 677 titulum
3475 620 3820 682 illustrarem,
3847 620 3937 673 sed

2367 728 2534 782 etiam
2581 726 2633 778 in
2680 723 2907 792 gratiam
2937 718 3127 786 optimi
3157 726 3213 774 et
3260 714 3649 787 rel'giosissimi
3694 712 3941 783 principis

2367 812 2690 871 Ferdinandi
2724 811 2972 867 Dorbonii
3016 811 3177 864 Ducis
3208 805 3534 870 Parmensis,
3578 820 3737 873 quem
3771 804 3937 871 pervi-

696 921 952 976 videatur.
972 891 1236 986 Quamvis
1282 923 1460 970 autem
1520 914 1643 969 inde
1685 913 1835 981 origo
1878 908 2264 965 benedictionis
2364 906 2547 975 gilium
2592 902 2811 958 Pascha
2861 915 2928 956 ex
2976 898 3147 955 veteri
3192 911 3363 962 more,
3396 892 3731 986 Constantini
3768 891 3935 986 Magni

692 1010 833 1065 cerei
865 1006 1127 1077 paschalis
1167 1006 1389 1073 ictenda
1423 1005 1511 1068 sit,
1545 1013 1722 1057 tamen
1755 1002 1837 1054 Inc
1883 1014 2057 1062 voces,
2087 1013 2263 1052 cereus

690 1096 966 1171 paschalis,
1013 1105 1069 1153 et
1116 1097 1331 1165 quidam
1362 1096 1497 1151 ritus
1537 1095 1589 1149 in
1643 1091 2012 1149 benedictione
2039 1088 2260 1142 adhibiti

688 1188 1017 1243 recentiores
1046 1185 1277 1240 fortasse
1323 1192 1470 1249 sunt,
1514 1198 1578 1237 ex
1610 1197 1715 1253 quo
1745 1181 1938 1237 factum
1964 1188 2047 1233 est
2082 1189 2139 1233 ut
2170 1180 2258 1233 be-

692 1280 924 1335 nedictio
966 1277 1270 1347 huiusmodi
1320 1276 1443 1331 huic
1486 1274 1569 1329 vel
1614 1274 1706 1328 alii
1757 1271 1989 1342 pontiﬁci
2019 1270 2261 1324 Romano

690 1370 973 1437 tribuatur,
999 1368 1139 1440 quod
1164 1366 1441 1422 formulam
1466 1364 1698 1433 aliquam
1723 1361 2137 1433 praescripserit,
2168 1368 2260 1414 aut

686 1470 927 1517 veterem
956 1462 1091 1516 hanc
1119 1458 1502 1513 institutionem
1532 1454 1597 1508 ad
1627 1457 1927 1508 universam
1964 1450 2257 1505 Ecclesium

689 1552 903 1609 extendi
957 1551 1202 1607 voluerit.
1258 1548 1517 1603 Existimo
1566 1546 1730 1601 etiam
1755 1541 2164 1613 S.‘[lieronymi
2202 1550 2257 1595 et

685 1643 957 1699 l‘rudentii
1001 1641 1329 1711 temporibus
1371 1641 1722 1710 posteriorem
1768 1651 1892 1692 esse
1938 1636 2254 1692 Sermonem

680 1738 745 1789 de
786 1733 939 1790 Cerea
989 1735 1216 1806 paschali
1267 1732 1579 1799 inscriptum
1610 1730 1751 1785 inter
1790 1742 1953 1796 Opera
1980 1726 2038 1783 S.
2070 1726 2258 1780 Hiero-

682 1828 847 1898 nymi,
877 1826 963 1881 ubi
993 1836 1141 1881 notat
1171 1830 1370 1881 Auctor
1394 1842 1408 1879 :
1438 1822 1570 1895 Lege
1609 1820 2029 1887 Pentateuchum,
2060 1819 2253 1874 instru-

2365 994 2639 1065 exemplo,
2687 992 2934 1063 quamvis
2966 990 3167 1061 dispari
3217 987 3398 1053 modo,
3431 986 3526 1042 Pio
3574 985 3638 1039 Vl
3689 983 3942 1053 pontilicc

2362 1087 2600 1142 maximo
2629 1086 2769 1141 ultro
2798 1091 3093 1148 annuente,
3120 1080 3399 1138 celebrare
3425 1094 3497 1135 ex
3527 1078 3731 1133 idoneis
3754 1085 3936 1132 aucto-

2362 1178 2508 1233 ribus
2537 1177 2741 1244 accepi.

2436 1269 2593 1338 129
2641 1267 2765 1322 151.
2821 1265 3028 1332 Quibus
3068 1261 3353 1333 expositis,
3400 1259 3674 1314 evidenter
3712 1256 3936 1313 demon-

2357 1370 2527 1414 strata
2557 1367 2637 1413 est
2658 1358 3152 1427 antiquissimorum
3183 1363 3239 1409 et
3263 1353 3689 1409 lelicissimornm
3732 1360 3942 1416 tempo-

2358 1465 2476 1505 rum
2504 1449 2674 1519 pictas
2703 1448 2759 1503 in
2790 1448 3046 1502 luminum
3076 1461 3195 1510 nsu,
3217 1446 3459 1515 copia,et
3484 1442 3813 1498 caremoniis
3836 1441 3936 1511 (a).

2359 1540 2465 1597 Sed
2494 1540 2560 1595 ad
2579 1535 3188 1608 redarguendumatatis
3210 1546 3409 1590 nostra
3425 1534 3749 1603 impietatem
3769 1532 3938 1585 aliun-

2357 1630 2485 1685 dare
2511 1630 2686 1684 adhuc
2712 1628 2837 1684 volo
2858 1627 3033 1683 allatis
3064 1628 3116 1682 in
3148 1626 3381 1681 medium
3424 1622 3695 1679 nonnullis
3714 1624 3775 1678 S.
3802 1622 3940 1676 Pan-

2356 1720 2450 1775 lini
2477 1720 2668 1775 Nolani
2698 1718 2963 1775 versibus.
2986 1718 3157 1774 Natali
3177 1719 3213 1775 9
3234 1717 3299 1773 de
3319 1717 3562 1772 Adventu
3598 1716 3795 1771 Niceta
3828 1715 3939 1784 epi-

2356 1810 2503 1881 scopi
2533 1826 2564 1867 e
2595 1811 2785 1877 Dacia,
2818 1810 2909 1881 qui
2936 1810 3004 1865 ad
3034 1810 3263 1866 natalem
3291 1810 3325 1866 5
3368 1806 3559 1864 Felicis
3587 1816 3893 1862 eccuni-crat
3920 1822 3937 1860 :

679 1892 904 1971 mentum
951 1932 1184 1985 percurre
1233 1924 1374 1969 uetus
1404 1892 1701 1983 :nsisquam
1750 1912 1803 1965 in
1850 1910 1943 1967 Dei
1986 1910 2255 1977 sacriﬁciis
2284 1892 2331 1951 Β
2424 1923 2957 1985 [secnvidesmuantns
2978 1919 3508 1985 splendor-,vefntaede
3530 1928 3699 1969 renata

681 2006 859 2073 sitella,
889 2023 1136 2077 nusquam
1158 2022 1286 2060 certe
1307 2021 1473 2069 usum,
1503 2004 1593 2057 sed
1619 2002 1942 2056 lucernarum
1970 2001 2187 2067 Iuntina,
2212 2008 2257 2055 et

685 2096 799 2148 oleo
826 2098 961 2165 [otes
982 2094 1171 2149 uidebis
1206 2094 1518 2165 igniculos...
1552 2090 1728 2146 Nouos
1765 2106 2005 2158 percurre
2030 2090 2257 2146 libros...

683 2185 915 2253 nunquid
958 2184 1147 2237 alicubi
1191 2182 1406 2236 cereus?
1433 2180 1664 2237 Carmen
1713 2180 1975 2235 dellereo
2023 2180 2257 2249 paschali

679 2273 844 2327 habet
876 2272 1169 2342 Drepanius
1212 2271 1422 2337 Florus,
1477 2286 1584 2325 non
1613 2268 2039 2324 Christianorum
2068 2278 2256 2339 poet-i-

678 2379 796 2417 rum
828 2363 1255 2427 vetustissimus,
1286 2372 1344 2416 ut
1372 2363 1603 2431 appellat
1648 2361 1905 2415 Baronius
1934 2361 1999 2415 ad
2051 2361 2190 2414 diem
2223 2360 2257 2415 8

681 2454 802 2507 Ma-‘i
832 2452 1051 2524 Martyr.
1084 2453 1197 2508 Βο..
1220 2468 1332 2518 an.,
1359 2453 1453 2506 sed
1482 2453 1681 2507 saculo
1707 2453 1919 2507 tandem
1946 2468 1999 2508 ix
2029 2452 2252 2508 ﬂorens.

684 2544 1023 2614 Pervigilium
1045 2544 1206 2599 etiam
1236 2543 1452 2598 Pascha
1481 2542 1720 2597 celebrat
1744 2562 1757 2597 :

742 2654 884 2715 Hune
906 2660 960 2703 nt
979 2657 1067 2714 per
1090 2663 1237 2702 totam
1262 2656 1498 2713 possimus
1517 2654 1701 2704 ducere
1724 2662 1935 2715 noctem,

744 2714 1006 2765 inferimus
1028 2716 1182 2765 claros
1205 2718 1356 2764 sacris
1374 2716 1603 2765 altaribus
1626 2718 1784 2777 ignes.

677 2821 1069 2877 Animadverte
1105 2830 1359 2890 praterca
1396 2820 1608 2891 aliquod
1642 2820 1807 2875 videri
1835 2834 2121 2887 superesse
2165 2836 2259 2875 ve-

675 2915 887 2984 stigium
929 2914 997 2969 de
1026 2928 1165 2968 novo
1204 2914 1431 2980 lumine,
1462 2912 1601 2982 quod
1633 2913 1847 2967 incussu
1876 2912 2043 2966 silicis
2068 2927 2259 2967 accen-

678 3006 925 3071 dbatur,
974 3006 1027 3062 iu
1080 3007 1315 3062 Orientis
1367 3006 1674 3077 regionibus
1721 3006 1860 3074 apud
1905 3006 2175 3060 Liberium
2226 3023 2255 3059 a

680 3096 809 3152 Jcsu
836 3105 964 3151 tom.
995 3094 1083 3151 lli.
1103 3096 1355 3150 Controv.
1380 3111 1443 3149 es
1469 3095 1788 3163 posthumis,
1811 3095 1917 3149 col.
1940 3095 2045 3150 ἨΞ
2066 3106 2121 3151 et
2141 3111 2255 3166 seq.

680 3184 759 3239 De
788 3187 923 3256 igne,
953 3201 1101 3255 quem
1129 3184 1437 3239 schismatici
1464 3185 1824 3238 miraculosum
1862 3194 2065 3250 uocant,
2087 3195 2132 3239 et
2154 3187 2258 3255 ﬁu-

2426 1984 2623 2034 Rideat:
2651 1982 2937 2044 insculptum
2962 1995 3152 2031 camera
3174 1984 3420 2043 crispante
3441 1982 3634 2030 lacunar

2425 2045 2477 2093 In
2494 2045 2658 2094 medio
2676 2047 2909 2093 mentitur
2932 2044 3085 2103 ebur;
3111 2050 3343 2103 tectoque
3361 2054 3580 2101 superne

2425 2106 2710 2157 Pendentes
2729 2106 2886 2168 lychni
2908 2106 3053 2167 spiris
3076 2106 3354 2154 retinentur
3378 2103 3569 2151 ahenis.

2360 2213 2519 2269 Plura
2548 2212 2651 2267 alia
2673 2211 2796 2266 abis
2822 2212 2877 2266 in
2907 2211 3039 2266 locis
3058 2209 3312 2264 Paulinus
3330 2212 3446 2278 (b);
3493 2222 3652 2276 quem
3698 2205 3939 2262 Pruden-

2360 2305 2434 2357 tio
2461 2304 2515 2359 in
2547 2304 2627 2357 bis
2656 2301 3042 2358 controversiis
3063 2302 3259 2370 sapius
3306 2300 3509 2354 addere
3558 2298 3743 2369 juvat,
3795 2300 3936 2365 quod

2359 2411 2534 2466 neque
2578 2395 2652 2449 illi
2683 2395 2843 2464 obiici
2890 2401 3115 2465 possunt
3163 2391 3523 2463 praeiudicata
3576 2391 3858 2461 Opiniones
3906 2404 3935 2443 a

2359 2503 2524 2559 puero
2549 2488 2689 2543 inter
2710 2486 3107 2542 ecclesiasticos
3130 2486 3273 2540 viros
3294 2482 3518 2540 hausta.

2876 2628 2891 2635 -
2948 2597 3174 2669 eaeor
3212 2596 3351 2652 xui.

2363 2690 2717 2763 Respondetur
2743 2688 3121 2763 “Prudentia
3150 2684 3581 2763 interrogantibus
3618 2701 3731 2740 cum
3764 2684 3941 2763 Persio

2431 2757 2526 2815 sat.
2561 2762 2618 2826 2,
2650 2777 2775 2814 vers.
2809 2759 2876 2814 69
2897 2757 2921 2813 ἐ
2968 2757 3156 2822 Dicite,
3198 2758 3489 2828 pontiﬁces,
3521 2758 3577 2810 in
3616 2769 3795 2811 sancto
3821 2758 3941 2827 qid

2436 2835 2554 2885 fuat
2597 2847 2776 2885 aurum
2801 2831 2824 2882 ?

2437 2921 2595 2992 130
2632 2918 2756 2975 152.
2799 2917 2856 2972 In
2887 2918 2993 2973 line
3020 2916 3201 2989 hymni
3219 2918 3287 2972 de
3312 2915 3462 2974 Novo
3487 2917 3713 2974 Lumine
3737 2918 3941 2975 sabbati

2361 3013 2633 3083 paschalis
2662 3008 2932 3080 egregiam
2963 3010 3225 3065 rationem
3257 3008 3435 3064 reddit
3481 3009 3822 3075 Prudentius,
3848 3024 3943 3065 cur

2362 3102 2561 3158 lumina
2586 3102 2640 3156 in
2674 3101 2763 3156 Dei
2797 3100 3057 3154 honorem
3106 3098 3322 3154 accendi
3351 3099 3579 3156 debeant
3607 3117 3621 3154 :
3675 3099 3720 3155 0
3757 3116 3839 3155 res
3865 3100 3945 3154 αξ.

2364 3207 2485 3261 gna,
2512 3188 2694 3255 Pater,
2724 3206 2879 3257 quam
2924 3190 3014 3243 tibi
3049 3190 3267 3244 roscido:
3312 3188 3496 3244 Noctis
3539 3189 3792 3260 principio
3823 3206 3946 3261 gres

682 3290 833 3349 guut,
866 3279 952 3332 ubi
983 3276 1150 3333 refert
1202 3277 1329 3331 olim
1376 3290 1563 3331 revera
1611 3276 1925 3330 miraculum
1973 3278 2262 3347 contigisse
2288 3258 2336 3324 (ἶ
2366 3258 2484 3335 tuus
2510 3278 2715 3345 offerat,
2744 3277 2953 3344 Lucem,
2983 3295 3083 3345 qua
3108 3279 3288 3333 tribuis
3315 3280 3389 3333 nil
3414 3258 3711 3350 pretiosius,
3758 3258 3947 3334 Lucem

678 3376 738 3423 ut
766 3368 853 3423 die
880 3368 1085 3421 sabbati
1118 3367 1287 3421 sancti
1311 3366 1448 3437 ignis
1475 3381 1506 3421 e
1531 3366 1671 3422 calo
1710 3365 2046 3421 descenderit
2079 3367 2131 3421 in
2172 3380 2262 3421 ec-

681 3458 845 3513 cle~ia
873 3457 1379 3527 llierosolymitana.
1404 3455 1549 3511 idem
1570 3457 1676 3511 col.
1710 3455 1815 3511 600
1836 3464 1893 3510 et
1930 3470 2045 3523 seq.
2074 3460 2262 3511 Arme-

685 3570 875 3610 uorum
906 3553 1138 3608 fabulam
1182 3564 1235 3608 et
1264 3554 1453 3618 ritum,
1484 3553 1573 3622 qui
1596 3566 1806 3607 summo
1846 3568 2003 3608 mane
2033 3552 2132 3607 uici
2162 3550 2266 3607 lle-

685 3644 1035 3700 surrectionis
1087 3658 1276 3698 cereos
1322 3644 1621 3698 accendunt
1671 3658 1738 3698 ex
1789 3642 2022 3712 quodam
2064 3642 2265 3699 lumine

687 3735 962 3800 divinitus,
990 3743 1049 3789 ut
1077 3734 1371 3796 venditant,
1399 3741 1643 3802 accepto,
1676 3732 1897 3801 exponit
1925 3746 1978 3786 et
2007 3733 2260 3803 exagitat.

687 3952 791 3996 cer,
822 3933 1103 3986 conﬁrmat
1151 3932 1594 3987 consuetudinem
1638 3933 1774 4001 apud
1823 3935 2071 4003 antiquos
2102 3934 2266 3990 fuisse

686 4013 843 4060 nocte
869 4004 1075 4057 sabbati
1101 4006 1268 4056 sancti
1292 4018 1386 4071 per
1410 4004 1601 4057 domos
1623 4005 1825 4058 lumina
1854 4006 2128 4073 cumplura
2157 4005 2265 4058 dis-

687 4090 887 4152 ponere
916 4089 979 4153 ex
1014 4074 1158 4126 omni
1182 4073 1401 4125 materia
1428 4087 1546 4141 qua
1578 4084 1752 4141 potest
1782 4077 2022 4136 prabere
2048 4074 2269 4129 alimcno

692 4155 803 4197 ιιιιιι
830 4158 957 4197 mni.

762 4183 1161 4281 (uiDP'ralerire
1207 4211 1331 4263 nolo
1379 4210 1762 4281 conjecturam,
1796 4210 1939 4280 quod
1970 4211 2079 4279 jam
2130 4211 2266 4267 Pru-

690 4280 853 4336 dentii
881 4282 1078 4335 saculo
1105 4280 1280 4333 lumen
1311 4281 1361 4332 in
1399 4281 1680 4347 pervigilio
1727 4280 1943 4335 l’a~ch:c
1969 4296 1999 4334 a
2037 4283 2269 4337 diacono

690 4352 936 4406 videatur
964 4349 1222 4420 oblatum,
1248 4358 1303 4403 ut
1332 4365 1473 4403 tmnc
1504 4349 1726 4404 olfertur
1755 4366 1943 4405 cerens
1979 4352 2269 4420 paschalis,

689 4438 751 4475 ex
786 4435 963 4481 versu,
997 4418 1373 4492 Dantemquod
1404 4435 1678 4492 nuntius
1704 4420 1885 4486 offero,
1916 4418 2117 4492 suscipe
2147 4418 2271 4492 Tia;

691 4500 830 4542 ctum
882 4489 1086 4558 paciﬁci
1112 4490 1400 4541 chrismatis
1431 4491 1673 4557 unguine.
1713 4493 1777 4543 lat
1818 4505 1938 4543 cum
1971 4489 2109 4545 idem
2144 4491 2275 4546 Pru-

693 4559 907 4613 dentius
932 4560 1181 4624 lacrumas
1203 4559 1390 4612 olentes
1419 4559 1635 4624 dixerit,
1659 4570 1713 4613 et
1740 4561 1993 4615 Paulinus
2023 4564 2074 4614 in
2107 4562 2275 4615 versi-

693 4632 792 4682 bus
822 4644 942 4682 mox
972 4630 1265 4682 referendis
1282 4645 1387 4682 non
1415 4630 1586 4684 solum
1603 4631 1765 4697 pictos
1780 4646 1968 4695 cereos,
1995 4631 2087 4686 sed
2113 4632 2271 4686 etiam

694 4699 851 4752 odora
880 4699 1075 4752 lumina
1094 4701 1613 4763 comniemoraverit,
1645 4701 1743 4753 etsi
1777 4700 1879 4753 alia
1912 4703 2275 4769 interpretatio

2367 3386 2465 3437 qua
2496 3368 2693 3436 reliqua
2722 3368 2933 3434 prsentia
2961 3368 3234 3421 cern'mus.
3260 3368 3388 3434 Qua
3436 3368 3573 3422 ralio
3601 3368 3667 3422 ad
3698 3377 3946 3423 ornatum

2366 3458 2691 3528 divitiasque
2718 3458 3038 3527 templorum
3066 3458 3269 3524 Optime
3315 3457 3637 3513 transfertur
3668 3475 3682 3513 :
3710 3468 3766 3513 et
3814 3459 3949 3527 poli-

2377 3550 2494 3607 ticis
2524 3552 2613 3618 qui
2642 3549 2809 3604 Persii
2858 3562 3071 3603 versum
3102 3549 3371 3604 inculcant
3399 3565 3413 3603 :
3448 3548 3633 3615 Dicite,
3665 3551 3947 3618 pontiﬁces,

2370 3641 2425 3695 in
2452 3650 2631 3693 sancto
2648 3640 2771 3708 quid
2794 3639 2917 3710 facit
2943 3654 3148 3707 aurum,
3168 3649 3313 3695 recte
3344 3640 3780 3707 respondebitur:
3806 3639 3850 3692 0
3872 3656 3949 3695 ris

2371 3731 2552 3802 digna,
2589 3728 2766 3796 Pater,
2798 3744 2950 3799 quam
2979 3729 3067 3783 tibi
3088 3744 3211 3800 gres;
3254 3737 3371 3784 tuus
3393 3729 3595 3797 oﬂ'erat.
3652 3726 3775 3785 Scio
3824 3731 3950 3801 quid

2376 3933 2585 4005 quoties
2606 3934 2657 4005 in
2687 3935 2866 3989 missa
2884 3934 3147 4005 sacrificio
3173 3942 3299 3990 ante
3318 3932 3647 4003 evangelium
3678 3934 3799 3987 thus
3826 3933 3951 3988 adn.

2377 4004 2518 4075 letur
2554 4022 2567 4059 :
2618 4004 2904 4075 Dirigatur,
2932 4004 3166 4067 Domine,
3192 4007 3359 4058 oratio
3379 4020 3512 4069 mea,
3541 4008 3669 4059 sicut
3689 4006 3953 4057 incensum

2374 4074 2431 4127 in
2454 4086 2719 4145 consprctu
2736 4074 2834 4145 tuo
2852 4089 2872 4129 :
2893 4075 3108 4145 elevatio
3133 4089 3343 4145 manum
3363 4090 3596 4145 mearum,
3616 4088 3945 4145 sicatrtcmu

2377 4143 2758 4197 vespea‘rtsuu.
2782 4143 2980 4200 Confer
3008 4146 3099 4215 S.
3135 4144 3418 4215 Isidorum.
3450 4144 3540 4199 lib.
3570 4144 3635 4198 de
3668 4144 3823 4215 Myst.
3846 4160 3953 4215 ex-

2377 4226 2496 4281 pos.
2526 4226 2778 4276 sacram.,
2807 4228 2925 4281 cap.
2959 4214 3028 4269 58
3072 4213 3141 4270 de
3171 4214 3393 4269 lncenso
3421 4213 3740 4279 composito,
3762 4223 3819 4268 et
3845 4214 3953 4267 ltu-

2378 4292 2588 4352 pertum
2610 4281 2936 4338 Tuitiensem
2978 4283 3071 4339 lib.
3113 4298 3168 4337 vr
3210 4285 3279 4339 de
3305 4283 3505 4338 Divinis
3535 4282 3639 4337 ΟΠ.
3660 4325 3675 4347 ,
3708 4298 3827 4351 cap.
3857 4284 3950 4346 31,

2377 4351 2484 4423 Cur
2507 4352 2577 4423 ad
2596 4352 2995 4423 benedicendum
3012 4368 3209 4408 cereum
3240 4369 3436 4421 quoque
3477 4363 3649 4423 portat
3676 4356 3954 4408 incensum.

2450 4420 2526 4503 μὴ
2560 4421 2734 4503 δραιιὶ
2762 4424 2837 4477 3:
2882 4424 3053 4503 Aurea
3090 4438 3228 4503 nunc
3257 4420 3438 4503 niveis
3479 4420 3956 4503 ornanturdimina

2375 4488 2519 4552 uelis.
2554 4488 2709 4563 Clara
2737 4502 3047 4547 coronantur
3066 4493 3235 4547 densis
3272 4494 3458 4546 altaria
3489 4494 3704 4563 lychnis.
3737 4493 3957 4546 Lumina

2377 4563 2557 4633 ceratis
2578 4562 2847 4633 adolentur
2866 4566 3025 4616 odora
3042 4565 3281 4633 papyris,
3312 4563 3491 4618 Nocrs
3516 4562 3708 4625 uiscus
3737 4577 3959 4625 licam,

2376 4631 2451 4702 sic
2478 4648 2579 4684 nux
2604 4630 2871 4702 splendore
2898 4634 2995 4687 diei
3027 4630 3216 4702 Fulget
3239 4648 3259 4686 .'
3295 4644 3342 4687 et
3371 4634 3484 4697 ipsa
3526 4635 3633 4686 dies
3666 4633 3852 4687 calcati
3893 4633 3958 4685 il-

2380 4701 2553 4772 lustris
2569 4700 2765 4772 [tenore
2792 4700 2918 4765 Plus
2949 4703 3098 4756 micat
3123 4700 3149 4767 ζ
3168 4703 3447 4772 innumeris
3496 4706 3658 4757 lucem
3703 4703 3959 4772 geminata

696 4747 937 4821 {diuisit
965 4747 2102 4889 ΓοέέῖιᾞέιὶιὲὲιὲῖιὲῇῑέἷίΗίιῖίἱεῖιὶῖιῖ
2120 4747 2272 4834 ῐέἶνίἕζ
2304 4747 2352 4807 1)
2378 4747 2634 4823 ὶῖιὲξνῆίῖἶ
2644 4747 2917 4826 sitan";
2948 4747 3097 4827 Ε”Χεῖ
3123 4747 3961 4841 ὶιὶὲΐῆἐὲἱὶἶ⁷αεὶὲῖἷᾱὶὶηῗ⁷ὧἓῖἇῆ

698 4840 838 4889 tittod
890 4838 1014 4889 inte
1052 4839 1342 4889 repetenda
1388 4837 1457 4889 sit
1495 4840 1647 4889 ιιι-ἱεο
1702 4838 1938 4889 (tuinnue
1986 4854 2272 4889 aranornm
2381 4841 2510 4889 ceris
2541 4839 2932 4889 Multifnremue
2978 4843 3113 4889 canis
3155 4843 3367 4889 luclmns
3393 4842 3714 4889 laauearibua
3760 4851 3956 4889 autem-

983 4851 1014 4890 e

698 4840 838 4904 quod
890 4837 1014 4891 inde
1052 4839 1342 4905 repetenda
1388 4837 1457 4891 sit
1495 4840 1647 4906 origo
1702 4838 1938 4906 quinque
1986 4854 2272 4907 granorum

701 4909 871 4979 thuris
900 4920 1018 4979 qua
1071 4920 1228 4960 cereo
1258 4906 1495 4979 paschali
1538 4922 1567 4959 τι
1596 4906 1821 4979 diacono
1850 4906 2157 4978 inﬁguntur,
2186 4912 2272 4979 qui

699 4976 714 5031 i
744 4991 771 5048 τι
807 4976 980 5044 pergit
1006 4989 1206 5048 can_ens
1247 4993 1259 5027 :
1292 4975 1359 5048 in
1386 4976 1541 5048 hujus
1578 4978 1737 5048 igitur
1774 4975 1965 5032 noctis'
1986 4980 2153 5047 gratia
2192 4975 2278 5032 su-

697 5047 856 5113 scipe,
888 5042 1059 5116 sancte
1084 5042 1268 5116 Pater,
1284 5042 1475 5098 incensi
1515 5042 1669 5116 huius
1692 5042 2004 5115 sacriﬁcium
2032 5049 2274 5109 etaperti-

698 5131 821 5169 num
844 5130 863 5167 :
892 5114 1028 5183 quod
1058 5114 1143 5167 tibi
1166 5115 1220 5166 in
1250 5114 1347 5166 hac
1369 5118 1499 5167 cerei
1529 5114 1782 5169 oblatione
1807 5114 2021 5170 solemni
2073 5135 2161 5176 per
2185 5120 2279 5170 mi-

698 5186 975 5255 nistromm
1004 5198 1184 5236 manus
1204 5184 1534 5255 dereperibus
1565 5202 1740 5255 apum,
1768 5198 2087 5242 sacrosancta
2112 5188 2280 5241 reddit

701 5253 953 5324 Ecclesia.
986 5255 1027 5307 Α
1067 5252 1341 5324 nonnullis
1364 5254 1568 5309 criticis
1594 5252 1752 5309 etiam
1786 5257 2003 5324 majoris
2031 5258 2273 5312 subsellii

700 5323 1001 5376 rubricista
1048 5322 1251 5377 erroris
1280 5333 1591 5390 arguuntur,
1620 5327 1760 5391 quod
1793 5322 1894 5380 hoc
1938 5327 2056 5381 loco
2105 5328 2277 5383 thuris

703 5392 1176 5462 mentionemlieri
1206 5393 1558 5462 crediderint,
1592 5395 1829 5462 adeoque
1874 5396 1938 5449 ad
1970 5395 2083 5452 hac
2112 5400 2275 5453 verba

702 5476 867 5529 grana
918 5460 1090 5531 thuris
1130 5461 1393 5529 inﬁgenda
1442 5460 1881 5531 pnescripserint.
1924 5466 2276 5522 Nihilominus

706 5540 836 5605 puto
858 5529 1161 5605 sacriﬁcium
1192 5532 1522 5605 uespertinum
1548 5529 1740 5587 incensi
1782 5534 1997 5605 intelligi
2012 5537 2079 5590 de
2102 5537 2275 5599 thure,

704 5606 761 5653 et
786 5598 1039 5673 distingui
1064 5614 1095 5651 a
1123 5600 1253 5673 cerei
1276 5598 1541 5673 oblatione
1574 5605 1787 5657 solemni
1813 5621 1904 5673 per
1933 5598 2277 5659 ministrorum

706 5684 886 5740 manus
914 5668 978 5740 de
1010 5668 1241 5740 operibus
1275 5686 1451 5739 apum.
1490 5670 1578 5725 Sic
1605 5674 1761 5740 paulo
1804 5668 1929 5730 ante
1960 5677 2011 5728 in
2059 5677 2281 5730 benedi-

708 5739 877 5795 ctione
901 5738 1069 5792 thuris
1093 5754 1108 5792 :
1138 5736 1338 5816 Veniat,
1354 5736 1665 5816 queamus,
1688 5744 1999 5816 eumipotens
2027 5744 2184 5809 Deus,
2206 5765 2283 5799 su-

711 5821 799 5873 per
827 5821 928 5863 anc
964 5822 1219 5865 incessunt
1247 5808 1396 5879 larga
1422 5821 1523 5867 iure
1555 5808 1914 5870 benedictionis
1954 5817 2164 5883 infusio.
2216 5819 2280 5871 Et

2381 4839 2932 4912 cerisblultiforesque
2978 4843 3113 4895 cavis
3155 4839 3367 4912 lychnos
3393 4842 3714 4911 laquearibus
3760 4851 3956 4912 aptent,

2383 4908 2451 4963 Ut
2473 4911 2662 4963 vibrent
2680 4908 2921 4966 tremulas
2950 4908 3191 4980 [uitalia'
3210 4912 3434 4977 pendula
3459 4908 3729 4980 ﬂammas.
3786 4908 3960 4966 Natali

2379 4994 2455 5040 ιι,
2489 4982 2627 5051 inter
2656 4981 2927 5051 Anecdota
2973 4982 3265 5051 bluratori,
3294 4996 3437 5035 vers.
3470 4982 3573 5037 407
3603 4998 3615 5034 :
3673 4979 3799 5036 [lere
3845 4998 3962 5051 quas

2379 5050 2517 5103 cerni
2542 5050 2587 5105 is
2613 5050 2719 5103 illic
2753 5048 2907 5104 Omni
2944 5061 3181 5119 prompta
3234 5050 3317 5103 die
3341 5092 3356 5117 ,
3389 5052 3466 5104 uel
3516 5052 3829 5120 circumfusa
3857 5048 3963 5119 per

2381 5134 2573 5172 omnes.
2623 5120 2820 5173 Ordine
2868 5121 3099 5173 dimenso
3128 5121 3275 5188 quasi
3312 5122 3619 5177 candelabra
3656 5123 3920 5175 columnas
3942 5162 3959 5187 ,

2385 5189 2622 5262 Depictas
2648 5205 2850 5262 easjare
2877 5200 3058 5262 gerunt
3079 5206 3191 5260 qua
3218 5191 3425 5262 cuspide
3469 5207 3631 5253 ceras,
3662 5189 3886 5262 Lumina
3906 5200 3964 5245 ut

2384 5259 2597 5329 inclusis
2620 5259 2902 5314 reddantur
2930 5259 3096 5313 odora
3129 5276 3358 5329 papyris.
3390 5261 3451 5315 At
3484 5262 3649 5315 medio
3695 5260 3748 5313 in
3792 5264 3962 5329 spatio

2384 5278 2597 5313 inclusis
2620 5278 2902 5314 reaaantur
2930 5278 3089 5313 oaoru
3164 5278 3358 5329 apyris.
3390 5278 3451 5315 At
3484 5278 3649 5315 meatu
3695 5278 3748 5313 in
3792 5278 3962 5329 spatio

2383 5328 2476 5399 [ixi
2501 5330 2825 5399 laquearibus
2846 5330 2963 5384 altis
2992 5278 3282 5382 Pend’dbant
3310 5347 3400 5399 per
3440 5329 3605 5384 aliena
3631 5330 3740 5384 cavi
3766 5332 3963 5385 retina-

2384 5397 2500 5470 c_ula
2526 5397 2717 5467 lychni,
2746 5401 2847 5464 Qui
2867 5400 3032 5470 specie
3056 5402 3268 5453 arborea
3296 5397 3444 5454 lentis
3472 5402 3618 5467 quasi
3653 5402 3785 5470 uitea
3809 5400 3963 5470 virgis

2386 5465 2607 5520 Brachia
2633 5465 2903 5534 iactantes,
2930 5484 3222 5537 summoque
3261 5465 3525 5524 cacumine
3545 5469 3675 5523 rami
3712 5465 3965 5525 Vitreolos

2386 5546 2579 5608 gestant
2602 5550 2846 5610 tanquam
2873 5556 2969 5594 sua
2994 5555 3145 5610 poma
3171 5539 3396 5603 caliclos,
3420 5538 3487 5593 Et
3508 5540 3651 5610 quasi
3698 5549 3962 5610 cernentes

2386 5606 2598 5681 accenso
2619 5606 2811 5663 lumine
2827 5606 3034 5681 florent.
3068 5606 3338 5675 Densaque
3358 5606 3665 5664 multicomis
3691 5609 3872 5663 ἕρπε-έν

2385 5677 2556 5729 sidera
2585 5677 2838 5747 ﬂammis,
2865 5678 3231 5735 Divina-metu

2387 5747 2635 5801 tenebras.

2387 5758 2635 5805 tenebras.
