4504 6414
260 404 364 464 689

1652 395 2187 456 PROLEGOMENA.

3455 389 3563 448 690

260 522 744 592 prosequebantur,
789 530 915 588 erga
958 528 1095 586 quos
1140 511 1279 568 bene
1326 508 1502 566 electi
1546 516 1751 565 essent.
1784 506 1845 564 S.
1877 510 1925 568 Α
2033 504 2153 561 159.
2195 501 2311 559 Mos
2332 501 2493 557 etiam
2526 501 2627 558 fuit
2654 511 2897 558 veterum
2924 514 3153 573 corpora
3183 499 3560 558 defunctorum

261 613 619 682 llieronyinus
648 610 717 665 ad
771 606 1120 665 ileliodorum
1164 604 1325 673 epist.
1371 602 1427 667 Ξ,
1458 614 1578 667 cap.
1612 600 1635 654 i
1666 615 1680 652 :
1709 597 1853 663 Quo-

1958 597 2086 651 viuo
2133 595 2217 651 vel
2256 608 2393 665 aqua
2425 594 2630 660 lavare,
2683 609 2791 650 non
2839 594 3017 650 minus
3045 609 3203 665 quam
3255 606 3477 664 ungere.
3505 597 3563 649 et

256 702 546 769 tia-scunque
565 700 703 754 nitor
725 700 778 754 in
803 697 954 752 verba
981 709 1333 763 prorumpere,
1345 700 1393 746 et
1415 704 1573 757 super
1599 688 1854 743 tumulum
1954 686 2218 755 sepulcris
2269 686 2394 741 vina
2421 691 2478 741 et
2508 694 2777 763 unguenta
2806 682 3111 741 infundere.
3137 684 3416 755 Virgilius,
3460 684 3557 741 lib.

257 797 370 865 ejus
406 795 564 863 ﬂores
598 806 874 864 spargere,
912 789 1060 843 toties
1101 787 1345 855 lacrgms
1391 779 1669 849 implentur
1691 780 1851 835 oculi.

260 883 326 955 Et
368 884 570 941 clarius
616 883 668 937 in
711 880 987 938 Consolat.
1033 878 1098 933 ad
1130 874 1538 932 Pammachium
1587 873 1657 929 de
1703 873 1853 928 obitu

259 977 442 1029 uxoris
486 973 923 1042 Paulinte'epist.
970 970 1064 1037 ‘26,
1112 982 1243 1023 tom.
1301 967 1365 1034 l,
1418 982 1539 1038 cap.
1569 962 1856 1021 2:Cteteri

259 1064 430 1119 mariti
464 1080 617 1135 super
658 1062 881 1117 tumulos
906 1062 1182 1132 conjugum
1205 1068 1456 1132 spargunt
1477 1058 1655 1124 riolas,
1690 1072 1854 1121 rosas,

260 1155 278 1208 ι
300 1155 372 1210 lia
401 1156 657 1225 ﬂoresque
683 1169 990 1224 p:.rpureos,
1008 1162 1056 1207 et
1077 1151 1308 1206 dolorem
1340 1149 1556 1221 pectoris
1580 1148 1659 1203 his
1682 1148 1859 1217 o/ﬁciis

260 1248 613 1301 consolantur.
672 1245 1039 1299 Pammachius
1095 1253 1265 1298 uoster
1312 1249 1545 1296 sanctam
1601 1240 1856 1309 favillam,

263 1354 475 1407 ossaque
513 1338 830 1407 reneranda,
878 1336 1209 1405 eleemosyna:
1255 1332 1495 1388 balsamis
1538 1333 1673 1402 rigat
1711 1342 1729 1384 :
1782 1332 1860 1385 his

261 1430 531 1500 pigmentis
590 1440 740 1499 atque
800 1425 1045 1482 odoribus
1084 1430 1217 1497 foret
1263 1425 1419 1496 135
1471 1424 1666 1477 cineres
1717 1422 1863 1489 quie-

263 1528 477 1576 scentes.
525 1520 679 1590 Quod
712 1520 911 1589 pariter
938 1521 996 1575 8.
1028 1518 1283 1574 Paulinus
1312 1516 1479 1573 refert
1504 1515 1664 1584 epist.
1696 1514 1767 1570 58
1794 1512 1862 1568 ad

266 1611 672 1666 Patnmachium
700 1629 711 1664 :
740 1611 908 1676 Quam
937 1606 1259 1679 (Paulinam)
1295 1624 1397 1663 non
1425 1622 1638 1662 vacuam
1662 1606 1865 1677 ﬂetibus

265 1704 345 1774 (ut
367 1703 593 1756 maxima
620 1719 739 1771 pars
763 1700 1079 1772 mortalium)
1108 1698 1270 1769 neque
1293 1716 1423 1755 uano
1448 1702 1524 1770 (ut
1552 1699 1661 1768 spei
1681 1708 1867 1753 nostra

263 1776 499 1864 expertes
538 1795 723 1858 solent)
756 1810 1065 1863 pomparum
1104 1794 1335 1847 inanium
1368 1791 1564 1846 honore
1593 1792 1866 1846 comitatus

263 1902 338 1948 es,
383 1886 475 1940 sed
516 1886 753 1941 remediis
776 1886 1092 1939 salutaribus
1116 1924 1131 1948 ,
1160 1896 1206 1939 et
1246 1884 1370 1939 uiuis
1397 1883 1581 1953 opibus
1607 1925 1622 1948 ,
1669 1886 1763 1937 hoc
1790 1894 1862 1936 est
1897 1874 1939 1933 Β

264 1977 603 2049 elemosynis
639 1990 959 2049 prosecutus,
987 1979 1157 2033 debito
1183 1979 1362 2033 ordine
1386 1979 1547 2033 chara
1587 1978 1755 2045 funeri
1776 1979 1868 2049 ju-

265 2079 345 2123 sta
388 2068 681 2138 persolvens
704 2111 719 2133 ,
770 2072 870 2139 piis
906 2071 1149 2140 lacrymis
1191 2080 1238 2125 et
1275 2072 1422 2141 largo
1450 2069 1718 2123 charitatis
1750 2080 1868 2124 rore

265 2160 529 2229 perfusus,
570 2159 864 2234 religiosius
892 2164 1158 2232 exsequias
1187 2159 1475 2218 honorasti.

341 2251 465 2307 i58.
503 2252 608 2307 Sed
633 2253 1063 2309 animadvertere
1117 2262 1334 2325 oportet
1392 2255 1492 2310 ho;
1542 2254 1689 2325 ipsos
1735 2269 1866 2309 san-

266 2348 403 2407 ctos,
428 2341 517 2411 qui
547 2341 651 2396 alia
678 2356 841 2409 Opera
869 2343 951 2414 pia
986 2343 1311 2413 praeferunt,
1354 2360 1463 2399 non
1493 2359 1751 2415 respuere
1774 2360 1867 2400 ve-

268 2434 605 2491 nerationem
654 2436 920 2506 sepulcris
950 2446 1246 2509 martyrum
1277 2438 1469 2492 ﬂorum
1501 2447 1554 2493 et
1600 2438 1866 2493 frondium

269 2539 369 2578 usu
414 2526 727 2594 prmstitam.
768 2526 829 2583 S.
874 2526 1233 2598 Hieronymus
1280 2528 1333 2582 in
1374 2529 1648 2599 epitapltio
1693 2529 1871 2597 Nepo-

270 2617 399 2671 tiani
434 2633 448 2670 :
499 2615 790 2689 Martyrum
818 2618 1164 2674 conciliabula
1196 2620 1414 2676 diversis
1438 2620 1674 2689 ﬂurt'bus,
1707 2631 1753 2673 et
1783 2637 1867 2673 ar-

271 2712 450 2763 borum
477 2710 653 2780 comis,
685 2712 962 2783 vitiumque
992 2713 1247 2783 pampinis
1277 2714 1615 2768 obumbravit.
1642 2714 1696 2770 8.
1729 2713 1869 2767 Pau-

271 2798 415 2855 linus
442 2798 488 2856 N
506 2802 617 2855 itali
648 2801 711 2854 ὃς

334 2935 489 2985 Ferte
506 2935 646 3001 Deo,
666 2940 826 3001 pueri,
857 2938 1071 3001 laudem,
1097 2940 1179 3001 pia,
1195 2938 1370 3001 solxite
1396 2947 1521 2988 vota.

337 3000 392 3046 lci
415 3000 599 3059 pariter
622 2999 768 3049 castis
785 3002 901 3049 da'e
922 2999 1137 3050 carmina
1160 2999 1285 3049 festa
1307 3000 1519 3050 choreis.

332 3060 564 3125 §pargite
588 3062 711 3110 ﬂore
728 3061 908 3120 solum,
932 3075 1020 3125 pra
1038 3064 1201 3125 texite
1226 3064 1390 3110 limina
1414 3064 1583 3120 sertis,

334 3121 647 3183 Purpureum
668 3136 755 3171 rer
777 3121 946 3184 spiret'
964 3122 1140 3183 hiems,
1162 3122 1226 3172 sit
1245 3124 1427 3173 ﬂoreus
1451 3137 1607 3173 annus

337 3184 469 3231 Ante
488 3185 639 3241 o'ieiu,
663 3191 830 3234 sanam
852 3186 988 3234 cedat
1017 3195 1191 3235 natura
1214 3185 1338 3243 diei,

338 3244 562 3306 Martyris
582 3246 643 3293 ad
667 3245 907 3295 tumulum
929 3246 1088 3296 debes
1112 3253 1166 3297 et
1188 3255 1241 3296 te
1267 3258 1321 3295 ra
1341 3257 1560 3295 coronas.

274 3366 464 3424 Rome
486 3367 663 3424 adhuc
688 3383 794 3424 non
824 3369 1000 3425 solum
1032 3369 1246 3433 ﬂorum,
1278 3384 1305 3425 s
1326 3370 1370 3423 -d
1415 3368 1682 3425 frondium
1710 3370 1871 3427 etiam

276 3475 406 3517 usus
457 3460 511 3515 in
570 3459 724 3516 festis
775 3472 1084 3517 sanctorum
1143 3461 1485 3517 celebrandis
1540 3471 1871 3532 perseverat.

276 3554 514 3609 Adventu
542 3551 784 3608 nonnulli
817 3554 999 3609 nescio
1026 3552 1153 3622 quid
1183 3552 1499 3612 rusticitatis
1529 3553 1581 3607 in
1614 3553 1713 3607 hac
1744 3568 1876 3608 cono

276 3646 563 3704 suetudine
607 3654 813 3700 notant.
867 3646 975 3717 Ego
1001 3661 1130 3703 vero
1158 3645 1417 3717 quidquid
1448 3644 1633 3701 Romae
1662 3646 1877 3716 publica

278 3737 615 3802 auctoritate,
646 3748 699 3812 et
736 3735 804 3791 ad
830 3746 1076 3792 veterum
1109 3745 1410 3807 temporum
1456 3736 1696 3806 regulam
1750 3736 1873 3806 “at,

280 3829 515 3883 maxime
552 3828 815 3881 urbanum
859 3840 981 3883 esse
1027 3826 1225 3898 iudico.
1277 3828 1353 3883 De
1379 3826 1569 3882 eodem
1600 3827 1705 3882 ritu
1735 3829 1877 3898 apud

281 3918 552 3973 Romanos
608 3916 849 3988 aliasque
886 3926 1075 3988 gentes
1116 3918 1268 3989 plura
1290 3926 1504 3975 exstant
1546 3917 1875 3975 testimonia.

282 4009 458 4065 Unum
505 4008 785 4079 Virgilium
833 4011 1133 4080 proferam,
1182 4010 1275 4065 lib.
1335 4025 1371 4066 ιι
1419 4008 1638 4066 Eneid.
1669 4050 1684 4077 ,
1732 4025 1877 4067 vers.

280 4098 390 4154 218
422 4114 440 4153 :

346 4192 446 4240 Nc-s
466 4190 676 4240 delubra
701 4189 880 4250 Deum,
911 4191 1074 4239 miseri
1099 4190 1280 4251 quibus
1305 4190 1509 4243 ultimus
1533 4201 1671 4244 esset

345 4252 438 4303 illo
461 4255 588 4313 dies,
613 4252 738 4302 testa
760 4252 978 4303 velamus
1001 4252 1174 4303 fronde
1199 4266 1290 4316 per
1314 4256 1506 4304 urbem.

284 4380 343 4436 S.
380 4379 634 4434 Paulinus
680 4378 733 4434 in
785 4380 985 4447 nuptiis
1019 4393 1232 4450 quoque
1262 4378 1315 4435 id
1359 4380 1616 4436 usitatum
1643 4380 1883 4439 ostendit

287 4469 525 4541 Epithal.
554 4469 609 4525 in
637 4468 909 4526 lulianum
938 4488 952 4524 :

410 4580 569 4633 Nemo
586 4578 742 4630 solum
766 4578 911 4641 foliis,
937 4578 1100 4631 limina
1126 4578 1299 4632 fronde
1325 4586 1465 4646 tegat
1485 4582 1578 4647 (a).

1898 3258 1945 3319 C

1960 792 2013 831 vt
2042 774 2259 832 Eneid.
2292 792 2304 829 :

2020 875 2308 941 Dorpusque
2336 867 2496 940 136
2515 875 2678 926 lavant
2700 874 2945 939 frigentis,
2971 882 3025 927 et
3043 882 3255 937 ungunt.

1959 981 2103 1040 idem
2134 996 2298 1055 agens
2324 982 2396 1039 de
2422 982 2721 1039 honoribus
2746 982 2817 1038 ab
2858 982 3036 1040 Eneti
3060 983 3269 1039 tumulo
3309 982 3565 1039 Anchisa

1962 1072 2215 1142 praestitis
2246 1072 2342 1128 lib.
2372 1088 2406 1127 ν
2429 1090 2450 1127 ι

2022 1165 2117 1214 Hic
2147 1166 2246 1214 duo
2268 1166 2369 1215 rite
2391 1177 2531 1216 mero
2551 1164 2713 1217 libans
2735 1166 2985 1217 carchesia
3011 1166 3197 1216 baccho

2024 1226 2205 1276 Fundit
2223 1228 2360 1276 humi
2379 1241 2393 1275 :
2413 1230 2509 1289 duo
2536 1230 2663 1276 lacte
2684 1241 2807 1277 novo
2828 1228 2895 1279 de
2916 1232 3162 1289 sanguine
3186 1239 3345 1289 sacro,

2027 1288 2413 1352 Purpureosque
2427 1288 2543 1351 iacit
2568 1290 2736 1339 ﬂores.

1963 1390 2234 1448 Ausonius
2265 1390 2317 1445 in
2351 1389 2671 1460 Epitaphiis,
2704 1404 2875 1445 carm.
2918 1392 3011 1459 '56,
3058 1391 3110 1446 in
3158 1390 3367 1445 tumulo
3394 1388 3569 1445 homi.

1965 1486 2049 1539 nls
2076 1482 2248 1538 felicis
2276 1482 2347 1535 ita
2371 1481 2448 1536 ait
2474 1499 2490 1537 :

2029 1572 2222 1636 Sparge
2244 1585 2385 1622 mero
2407 1574 2628 1636 cineres,
2652 1578 2704 1622 et
2720 1573 2875 1636 odoro
2898 1571 3075 1635 perlue
3101 1574 3273 1633 nardo,

2093 1633 2303 1697 Hospes,
2330 1640 2383 1684 et
2405 1634 2531 1685 adde
2553 1636 2679 1683 rosis
2702 1633 2914 1683 balsama
2937 1636 3181 1697 puniceis.

1969 1737 2082 1792 llue
2107 1738 2379 1805 respicere
2404 1735 2674 1792 nonnullis
2704 1736 2850 1791 visus
2879 1746 2962 1792 est
2991 1735 3275 1801 Martialis,
3301 1736 3568 1807 epigram.

1970 1826 2093 1887 126.
2127 1827 2221 1881 lib.
2253 1842 2385 1883 xui:

2039 1920 2355 1986 Unguentum
2381 1922 2566 1972 heredi
2594 1934 2863 1986 nunquam,
2890 1934 2987 1973 nec
3009 1924 3117 1973 vina
3141 1922 3417 1986 relinquas,

2102 1959 2807 2047 ἱῗιὶ”ὶίι’ἱῖηἱ’ῐίιῖιὶὶίιόἑ’,”ἰέἑέεἱ’
2814 1959 3028 2035 {inlicita}
3040 1959 3177 2034 $16.

1974 2090 2158 2144 Actor.
2204 2096 2377 2159 apost.
2434 2104 2517 2153 ix.
2572 2089 2686 2145 37:
2724 2088 2892 2154 Quam
2946 2088 3251 2160 (Tabitham
3285 2090 3583 2153 mortuam)

1971 2198 2088 2236 cum
2110 2182 2372 2252 lacissent,
2396 2194 2677 2250 posuerunt
2703 2198 2817 2236 eam
2840 2182 2893 2237 in
2919 2183 3203 2237 caenaculo.
3240 2182 3389 2237 lianc
3418 2180 3579 2251 igitur

1970 2275 2414 2331 consuetudinem
2473 2275 2644 2345 tangit
2692 2274 3021 2329 Prudentius
3077 2274 3131 2328 in
3204 2272 3311 2329 line
3389 2272 3583 2345 hymni

1975 2367 2389 2438 Exsequiarum,
2445 2366 2669 2437 Liquida
2696 2381 2998 2437 spargemus
3034 2367 3212 2430 odore,
3265 2364 3354 2420 uiti
3402 2375 3583 2419 tamen

1976 2466 2248 2528 unguenta
2292 2458 2469 2525 potius
2507 2456 2770 2526 intelligo.
2798 2456 2891 2511 Sic
2916 2456 3012 2511 lib.
3048 2472 3101 2525 ι,
3135 2455 3237 2510 oda
3269 2456 3304 2511 5
3326 2454 3532 2511 Horatii
3567 2474 3582 2509 :

1982 2547 2226 2617 Perfusus
2254 2546 2461 2618 liquidis
2491 2547 2755 2615 odoribus,
2796 2546 2848 2602 id
2880 2554 2985 2612 est,
3020 2545 3293 2601 delibutus
3324 2561 3569 2619 unguen-

1977 2641 2062 2693 tis.
2103 2638 2211 2696 Sed
2236 2638 2383 2695 clare
2430 2638 2483 2694 in
2529 2637 2729 2711 hymno
2768 2638 2822 2696 S.
2856 2637 3141 2695 Fructuosi
3172 2644 3230 2694 et
3265 2652 3406 2703 soc.,
3434 2651 3577 2694 vers.

1977 2730 2045 2784 ‘5
2080 2770 2092 2783 ’
2226 2798 2351 2862 Tum
2373 2799 2438 2862 de
2461 2800 2752 2862 corporibus
2773 2802 2926 2851 sacris
2946 2798 3144 2862 favillze,

2225 2860 2286 2912 Et
2308 2860 2505 2925 perfusa
2528 2860 2669 2912 mero
2693 2863 2928 2925 leguntur
2950 2875 3059 2913 ossa
3079 2861 3168 2927 (b).

1978 2963 2236 3020 Martinus
2266 2964 2402 3027 iloa.
2446 2964 2540 3021 lib.
2588 2965 2657 3021 de
2689 2967 2783 3022 Die
2829 2966 2994 3021 natali
3039 2979 3198 3022 sacro
3223 2974 3277 3021 et
3326 2964 3574 3036 profano,

1976 3068 2097 3123 cap.
2128 3054 2217 3119 l9,
2252 3062 2417 3126 putat‘
2456 3055 2620 3111 verba
2664 3056 2963 3123 Prudentii,
3000 3057 3065 3111 Et
3103 3058 3317 3128 perfusa
3346 3072 3483 3111 mero
3513 3057 3581 3111 le-

1977 3154 2170 3213 guntur
2198 3159 2334 3210 ossa,
2367 3159 2474 3199 non
2504 3159 2629 3202 esse
2657 3146 3004 3217 intelligenda
3032 3149 3186 3218 juxta
3214 3148 3378 3205 ritum
3405 3144 3578 3219 genti-

1976 3233 2127 3302 lium,
2158 3234 2229 3291 de
2256 3250 2364 3305 quo
2392 3223 2644 3309 Virgilius
2673 3237 2890 3295 tEueid.
2925 3237 3023 3295 lib.
3067 3255 3117 3294 rt
3148 3256 3166 3295 :

2040 3366 2313 3431 lielliquias
2334 3368 2468 3431 vino,
2493 3376 2546 3420 et
2565 3368 2759 3419 bibulas
2780 3370 2951 3422 lavere
2980 3370 3190 3433 favillas,

1977 3498 2072 3555 sed
2097 3511 2219 3554 esse
2242 3497 2563 3567 explicanda
2592 3499 2696 3555 hoc
2725 3498 2887 3556 modo
2919 3516 2936 3557 :
2975 3501 3120 3555 lauta
3150 3500 3221 3554 ad
3280 3503 3418 3571 ignis
3447 3502 3591 3556 cine-

1977 3590 2149 3657 risque
2171 3590 2412 3657 reliquias
2442 3592 2832 3662 expurganda.

2053 3680 2176 3736 i60.
2214 3679 2482 3736 Cmterum
2509 3683 2611 3737 etsi
2647 3682 2945 3751 gentilitius
2976 3682 3139 3738 fuerit
3168 3682 3256 3739 hic
3301 3682 3470 3749 ritus,
3501 3686 3587 3738 ni-

1981 3777 2055 3832 hil
2085 3786 2167 3832 est
2198 3785 2375 3832 tamen
2410 3791 2509 3832 cur
2533 3792 2791 3848 negemus
2810 3792 2933 3834 eum
2965 3793 2995 3833 a
3026 3778 3351 3834 Christianis
3375 3778 3591 3833 diversa

1981 3869 2192 3925 ratione
2219 3876 2554 3939 usurpatum.
2588 3868 2834 3934 Constat,
2865 3885 2894 3922 a
2924 3869 3217 3939 gentilibus
3253 3878 3311 3925 et
3342 3868 3591 3923 Hebrmis

1980 3976 2136 4017 usuin
2183 3970 2486 4016 aromatum
2531 3961 2585 4016 in
2637 3961 2971 4029 sepeliendis
3002 3962 3233 4016 mortuis
3263 3962 3589 4018 adhibitum.

1986 4052 2064 4106 De
2099 4051 2457 4118 aromatibus,
2486 4052 2686 4122 quibus
2716 4062 2935 4107 unctum
2964 4060 3049 4107 est
3076 4052 3206 4108 .lesu
3232 4066 3431 4122 corpus
3473 4052 3592 4122 lege

1983 4156 2103 4213 cap.
2132 4158 2220 4197 nx
2248 4141 2401 4199 Joan.
2426 4183 2441 4207 ,
2474 4158 2529 4199 ν.
2563 4142 2652 4199 30.
2699 4144 2853 4214 137
2910 4143 3072 4197 i’rimi
3102 4142 3393 4201 Christiani
3438 4158 3591 4199 euin-

1984 4234 2107 4287 detn
2140 4247 2344 4289 morem
2376 4232 2739 4301 retinuerunt,
2768 4248 2944 4303 neque
2958 4233 3180 4289 dubium
3208 4245 3293 4290 est
3317 4235 3444 4303 quin
3474 4234 3589 4291 bal-

1984 4338 2131 4377 sama
2173 4322 2227 4377 in
2265 4322 2527 4391 sepulcris
2564 4331 2861 4394 martyrum
2891 4322 3229 4380 diﬂuderlnt.
3263 4325 3592 4382 Prudentius

1987 4413 2041 4471 in
2067 4414 2354 4486 Hippolyto
2378 4428 2431 4468 ν.
2467 4413 2572 4470 193
2599 4431 2612 4468 :

2051 4522 2226 4576 Oscula
2252 4525 2514 4586 perspicuo
2533 4523 2687 4586 tigunt
2706 4526 2946 4586 impressa
2970 4523 3190 4583 metallo,

2180 4586 2399 4637 Balsama
2414 4585 2715 4648 diﬂundunt,
2739 4587 2941 4638 ﬂetibus
2958 4597 3045 4638 ora
3065 4590 3230 4651 rigant
3248 4590 3337 4652 (cl.

288 4884 512 4937 narrat:
540 4874 604 4931 Et
628 4886 795 4930 tamen
835 4889 938 4929 non
966 4873 1259 4945 defuerunt,
1285 4870 1373 4946 qui
1398 4870 1727 4946 perlongum
1753 4880 1879 4924 tem-
1908 4873 1960 4936 ῐ)
1996 4942 2022 4946 ι
2058 4871 2451 4946 (b)_Barth_ius,
2500 4874 2716 4946 cap.,9.
2750 4874 2848 4930 lib.
2880 4890 2957 4946 tr,
3002 4876 3081 4933 sie
3110 4877 3495 4946 interpretatur
3538 4880 3592 4937 in

290 4966 389 5017 pus
414 4950 583 5003 uernis
620 4947 905 5014 tunicisque
930 4943 1146 5015 ﬂoribus
1176 4944 1427 5017 tumulum
1456 4943 1567 5017 ejus
1605 4951 1880 5017 ornarent:

291 5013 353 5075 ac
402 5019 554 5073 modo
608 5013 849 5088 imagines
903 5013 1229 5088 pratextatas
1279 5014 1331 5088 in
1362 5015 1541 5065 rostris
1569 5013 1884 5088 proferrent,

293 5090 449 5144 modo
470 5088 652 5149 edicta.
676 5082 821 5157 quasi
850 5082 1079 5153 uirentis,
1112 5094 1173 5157 e_t_
1190 5084 1326 5157 brevi
1353 5099 1539 5157 magno
1562 5082 1887 5157 inimicorum

295 5162 436 5215 malo
465 5150 733 5213 reversuri.
784 5158 920 5224 Quin
948 5150 1107 5210 etiam
1134 5155 1414 5223 Vologesus
1440 5150 1752 5224 Parthorum
1774 5168 1884 5224 rem,

294 5231 466 5285 missis
484 5230 553 5282 ad
577 5221 1012 5300 senatuuilegatis
1034 5226 1098 5279 de
1119 5221 1457 5300 instauranda
1496 5223 1681 5300 sociela
1704 5240 1753 5288 e,
1792 5221 1889 5277 hoc

295 5303 451 5356 etiam
485 5316 791 5369 magnopere
833 5294 1013 5363 oravit,
1038 5306 1093 5351 ut
1123 5295 1373 5349 memoria
1401 5295 1515 5363 ejus
1541 5294 1813 5369 coleretur.

371 5372 447 5439 (a)
489 5363 805 5435 Coirnptela
836 5368 1030 5437 aliqua,
1055 5376 1147 5422 aut
1173 5364 1656 5439 vanajuperstitio
1677 5363 1886 5439 initis-

369 5434 473 5497 niis
512 5434 749 5504 inducta,
801 5434 1017 5493 nmatnr
1047 5451 1254 5491 canone
1299 5434 1366 5487 75
1394 5435 1597 5503 antiqui
1629 5434 1828 5489 codicis
1861 5448 1889 5487 a

295 5456 581 5568 Baominico
607 5508 835 5568 Lonezio
862 5510 931 5563 de
970 5509 1189 5562 Barrera
1219 5505 1351 5561 editi
1384 5521 1397 5556 :
1437 5503 1561 5559 Non
1603 5503 1753 5557 liceat
1796 5506 1889 5557 ini-

346 5511 581 5565 ominieo
607 5508 835 5578 Lopezio
862 5510 931 5563 de
970 5509 1189 5562 Barrera
1219 5505 1351 5578 editi
1384 5521 1397 5556 :
1437 5503 1561 5559 Non
1603 5503 1753 5578 liceat
1796 5506 1898 5557 ini-

1991 4942 2077 4999 S.’
2112 4943 2391 4997 Vincentio
2443 4942 2587 4999 vers.
2633 4945 2739 5000 5l'l
2790 4961 2807 5003 :
2863 4945 3112 5014 Subiecta
3158 4942 3278 5003 nam
3324 4951 3592 5013 sacrario.

1994 5014 2264 5083 lmamque
2315 5014 2384 5067 ad
2425 5030 2573 5067 aram
2625 5017 2831 5070 condita
2861 5016 3093 5074 Caelestis
3136 5035 3322 5074 auram
3369 5022 3596 5075 muneris

1996 5083 2221 5151 Perfusa
2274 5085 2446 5139 subter
2476 5087 2739 5140 hauriunt.
2796 5087 2994 5143 Sermo
3037 5098 3123 5144 est
3169 5090 3238 5145 de
3289 5090 3503 5146 ossibus
3531 5092 3593 5147 8.

1999 5155 2285 5228 Vincentii.
2318 5154 2472 5228 Vino.
2505 5156 2901 5228 aithBarthius,
2926 5175 3042 5213 ossa
3087 5170 3455 5228 crematorum,
3501 5171 3596 5215 aut
3648 5208 3653 5211 _

1992 5226 2187 5307 cineres
2220 5225 2546 5308 rigabattlur:
2581 5224 2687 5307 _Sed
2718 5229 2909 5311 melius
2940 5229 3382 5312 ittterpretaberis
3411 5224 3477 5287 ex
3516 5234 3593 5312 si:

1996 5297 2110 5349 nuli
2140 5297 2259 5350 loco
2290 5297 2349 5351 S.
2396 5296 2598 5351 Paulini
2648 5296 2817 5352 Natali
2849 5300 2916 5354 15
2955 5300 3093 5355 tulra
3128 5301 3469 5358 exhibendo.
3502 5301 3593 5356 tibi

1997 5318 2110 5349 tum
2140 5318 2259 5350 lucu
2291 5318 2349 5351 δ.
2396 5318 2598 5351 ratium
2648 5318 2817 5352 natalt
2849 5318 2916 5354 1:)
2955 5318 3093 5355 Intra
3128 5318 3469 5369 exninenao,
3502 5318 3595 5356 tu)!

1997 5375 2153 5420 vetus
2186 5365 2574 5436 sarcophagunt
2602 5367 2661 5422 8.
2695 5369 2891 5424 Felicis
2920 5371 3264 5428 describitur.

2082 5437 2153 5514 (ς)
2182 5437 2240 5491 8.
2291 5435 2546 5514 Paulinus
2594 5438 2768 5514 Natali
2798 5456 2850 5495 γι
2870 5457 2906 5514 i
2942 5440 3193 5514 Martyris
3239 5442 3295 5497 hi
3343 5442 3596 5496 tumulum

2002 5509 2243 5560 studeant
2281 5508 2824 5582 perfttndere__nartlo,
2858 5509 2925 5565 Et
2963 5508 3217 5582 medicata
3250 5514 3341 5581 pia
3368 5514 3597 5582 referant

295 5576 881 5655 quasuoassnu‘rtourzs
911 5594 1063 5650 agere
1105 5576 1459 5655 Calendarum,
1479 5584 1549 5655 _et
1576 5577 1691 5627 otiis
1716 5591 1899 5655 uacare
2004 5584 2262 5655 unguenta
2313 5576 2773 5655 sepulcro_._Natali
2822 5597 2937 5644 xui.
2961 5581 3033 5655 de
3053 5584 3220 5639 veteri
3250 5576 3595 5655 sarcophago

298 5646 594 5725 gentilibus»,
620 5667 776 5725 neque
804 5646 971 5725 lauro',
1009 5657 1095 5701 aut
1124 5647 1387 5725 uiriditate.
1412 5646 1897 5725 arborumncingere
2006 5648 2063 5702 S.
2098 5647 2291 5701 Felicis
2322 5662 2471 5725 vers.
2498 5650 2602 5703 537
2633 5666 2648 5725 _:
2684 5649 2795 5725 ista
2839 5654 3135 5724 superﬁcies
3182 5655 3371 5709 tabula:
3394 5646 3595 5725 gemino

298 5715 499 5778 domos.
541 5715 724 5775 Omnis
754 5722 859 5774 Ita'c
887 5718 1171 5773 observatio
1198 5715 1483 5787 paganismi
1514 5724 1635 5787 est._
1655 5716 1728 5767 ls‘x
1760 5731 1892 5769 cnn-

298 5794 387 5849 cit.
423 5792 641 5847 Laodic.
667 5805 785 5847 can.
817 5791 906 5846 3i.
938 5790 1112 5845 i'ritna
1136 5782 1224 5844 die
1246 5782 1445 5841 mensis
1472 5784 1732 5841 sacrilicm
1773 5801 1881 5857 per-

299 5864 531 5933 agebant
559 5862 749 5931 pagani

2003 5727 2138 5797 potet
2188 5715 2574 5797 oi'e,.Prtebens
2626 5720 2815 5797 inlusa:
2859 5715 3087 5797 subjecta
3115 5725 3369 5797 foramina
3394 5715 3591 5797 nardo,

2008 5789 2137 5870 Qum
2164 5786 2346 5841 cineris
2393 5790 2580 5868 sancti.
2599 5786 2801 5870 ueniens
2830 5808 2863 5845 a
2887 5786 3008 5849 sede
3052 5786 3258 5870 reposta
3290 5786 3592 5864 Sanctiﬁcat

2006 5858 2261 5913 medicans
2291 5873 2481 5913 arcana
2503 5859 2711 5929 spiritus
2727 5878 2875 5919 aura.
