  <div class='ocr_page' id='page_1' title='image "/cluster/home/n/w/nwhite01/storage/ocr_20150623/58-59/uc1.31175013991289/965.png"; bbox 0 0 4504 6404; ppageno 0'>
   <div class='ocr_carea' id='block_1_1' title="bbox 729 397 827 455">
    <p class='ocr_par' dir='ltr' id='par_1_1' title="bbox 729 397 827 455">
     <span class='ocr_line' id='line_1_1' title="bbox 729 397 827 455; baseline 0 -1"><span class='ocrx_word' id='word_1_1' title='bbox 729 397 827 455; x_wconf 73' lang='grc'><strong>691</strong></span> 
     </span>
    </p>
   </div>
   <div class='ocr_carea' id='block_1_2' title="bbox 2144 390 2601 452">
    <p class='ocr_par' dir='ltr' id='par_1_2' title="bbox 2144 390 2601 452">
     <span class='ocr_line' id='line_1_2' title="bbox 2144 390 2601 452; baseline 0.007 -3"><span class='ocrx_word' id='word_1_2' title='bbox 2144 390 2601 452; x_wconf 77' lang='lat' dir='ltr'><strong>PRUDENTIUS.</strong></span> 
     </span>
    </p>
   </div>
   <div class='ocr_carea' id='block_1_3' title="bbox 3892 401 3999 463">
    <p class='ocr_par' dir='ltr' id='par_1_3' title="bbox 3892 401 3999 463">
     <span class='ocr_line' id='line_1_3' title="bbox 3892 401 3999 463; baseline -0.009 0"><span class='ocrx_word' id='word_1_3' title='bbox 3892 401 3999 463; x_wconf 69' lang='lat' dir='ltr'><strong>S92</strong></span> 
     </span>
    </p>
   </div>
   <div class='ocr_carea' id='block_1_4' title="bbox 727 504 3995 589">
    <p class='ocr_par' dir='ltr' id='par_1_4' title="bbox 727 504 3995 589">
     <span class='ocr_line' id='line_1_4' title="bbox 727 504 3995 589; baseline 0.003 -23"><span class='ocrx_word' id='word_1_4' title='bbox 727 512 865 579; x_wconf 78' lang='lat' dir='ltr'><strong>Quid</strong></span> <span class='ocrx_word' id='word_1_5' title='bbox 887 526 1017 585; x_wconf 84' lang='lat' dir='ltr'><strong>ergo</strong></span> <span class='ocrx_word' id='word_1_6' title='bbox 1040 520 1126 571; x_wconf 88' lang='lat' dir='ltr'><strong>est</strong></span> <span class='ocrx_word' id='word_1_7' title='bbox 1148 511 1496 584; x_wconf 77' lang='lat' dir='ltr'><strong>quamobrem</strong></span> <span class='ocrx_word' id='word_1_8' title='bbox 1521 509 1579 567; x_wconf 75' lang='grc' dir='ltr'><strong>Β.</strong></span> <span class='ocrx_word' id='word_1_9' title='bbox 1610 507 1879 575; x_wconf 83' lang='lat' dir='ltr'><strong>Paulinus,</strong></span> <span class='ocrx_word' id='word_1_10' title='bbox 1908 507 1999 573; x_wconf 89' lang='lat' dir='ltr'><strong>qui</strong></span> <span class='ocrx_word' id='word_1_11' title='bbox 2025 506 2164 562; x_wconf 87' lang='lat' dir='ltr'><strong>hunc</strong></span> <span class='ocrx_word' id='word_1_12' title='bbox 2194 504 2292 559; x_wconf 89' lang='lat' dir='ltr'><strong>bo-</strong></span> <span class='ocrx_word' id='word_1_13' title='bbox 2325 505 2379 566; x_wconf 78' lang='grc' dir='ltr'><strong>Α</strong></span> <span class='ocrx_word' id='word_1_14' title='bbox 2402 506 2514 561; x_wconf 84' lang='lat' dir='ltr'><strong>bari</strong></span> <span class='ocrx_word' id='word_1_15' title='bbox 2556 508 2767 567; x_wconf 87' lang='lat' dir='ltr'><strong>videtur</strong></span> <span class='ocrx_word' id='word_1_16' title='bbox 2786 552 2800 575; x_wconf 88' lang='lat'><strong>,</strong></span> <span class='ocrx_word' id='word_1_17' title='bbox 2863 510 3247 581; x_wconf 72' lang='lat' dir='ltr'><strong>inspiciendum</strong></span> <span class='ocrx_word' id='word_1_18' title='bbox 3304 522 3387 571; x_wconf 89' lang='lat' dir='ltr'><strong>est</strong></span> <span class='ocrx_word' id='word_1_19' title='bbox 3428 514 3691 574; x_wconf 71' lang='lat' dir='ltr'><strong>adversus</strong></span> <span class='ocrx_word' id='word_1_20' title='bbox 3740 531 3881 589; x_wconf 86' lang='lat' dir='ltr'><strong>quos</strong></span> <span class='ocrx_word' id='word_1_21' title='bbox 3933 536 3995 575; x_wconf 86' lang='lat' dir='ltr'><strong>ea</strong></span> 
     </span>
    </p>
   </div>
   <div class='ocr_carea' id='block_1_5' title="bbox 727 596 2303 677">
    <p class='ocr_par' dir='ltr' id='par_1_5' title="bbox 727 596 2303 677">
     <span class='ocr_line' id='line_1_5' title="bbox 727 596 2303 677; baseline -0.005 -20"><span class='ocrx_word' id='word_1_22' title='bbox 727 616 913 661; x_wconf 87' lang='lat' dir='ltr'><strong>norem</strong></span> <span class='ocrx_word' id='word_1_23' title='bbox 956 604 1217 677; x_wconf 78' lang='lat' dir='ltr'><strong>sepulcris</strong></span> <span class='ocrx_word' id='word_1_24' title='bbox 1260 612 1564 661; x_wconf 83' lang='lat' dir='ltr'><strong>sanctorum</strong></span> <span class='ocrx_word' id='word_1_25' title='bbox 1602 598 1896 659; x_wconf 79' lang='lat' dir='ltr'><strong>exhibitum</strong></span> <span class='ocrx_word' id='word_1_26' title='bbox 1950 596 2145 666; x_wconf 65' lang='lat' dir='ltr'><strong>sepius</strong></span> <span class='ocrx_word' id='word_1_27' title='bbox 2192 596 2303 649; x_wconf 84' lang='lat' dir='ltr'><strong>lau-</strong></span> 
     </span>
    </p>
   </div>
   <div class='ocr_carea' id='block_1_6' title="bbox 728 684 2303 759">
    <p class='ocr_par' dir='ltr' id='par_1_6' title="bbox 728 684 2303 759">
     <span class='ocr_line' id='line_1_6' title="bbox 728 684 2303 759; baseline -0.005 -14"><span class='ocrx_word' id='word_1_28' title='bbox 728 690 842 759; x_wconf 89' lang='lat' dir='ltr'><strong>dat,</strong></span> <span class='ocrx_word' id='word_1_29' title='bbox 871 693 956 749; x_wconf 90' lang='lat' dir='ltr'><strong>vel</strong></span> <span class='ocrx_word' id='word_1_30' title='bbox 984 692 1232 751; x_wconf 81' lang='lat' dir='ltr'><strong>eumdem</strong></span> <span class='ocrx_word' id='word_1_31' title='bbox 1250 692 1333 748; x_wconf 88' lang='lat' dir='ltr'><strong>vel</strong></span> <span class='ocrx_word' id='word_1_32' title='bbox 1355 690 1585 746; x_wconf 77' lang='lat' dir='ltr'><strong>similem</strong></span> <span class='ocrx_word' id='word_1_33' title='bbox 1607 690 1770 746; x_wconf 93' lang='lat' dir='ltr'><strong>ritum</strong></span> <span class='ocrx_word' id='word_1_34' title='bbox 1793 688 1954 745; x_wconf 84' lang='lat' dir='ltr'><strong>natali</strong></span> <span class='ocrx_word' id='word_1_35' title='bbox 1978 701 2034 742; x_wconf 73' lang='grc' dir='ltr'><strong><em>ιι</em></strong></span> <span class='ocrx_word' id='word_1_36' title='bbox 2058 684 2303 741; x_wconf 85' lang='lat' dir='ltr'><strong>videatur</strong></span> 
     </span>
    </p>
   </div>
   <div class='ocr_carea' id='block_1_7' title="bbox 732 780 1523 843">
    <p class='ocr_par' dir='ltr' id='par_1_7' title="bbox 732 780 1523 843">
     <span class='ocr_line' id='line_1_7' title="bbox 732 780 1523 843; baseline -0.005 -3"><span class='ocrx_word' id='word_1_37' title='bbox 732 782 1020 843; x_wconf 64' lang='lat' dir='ltr'><strong>damnare?</strong></span> <span class='ocrx_word' id='word_1_38' title='bbox 1042 784 1115 841; x_wconf 88' lang='lat' dir='ltr'><strong>Ita</strong></span> <span class='ocrx_word' id='word_1_39' title='bbox 1144 784 1287 840; x_wconf 89' lang='lat' dir='ltr'><strong>enim</strong></span> <span class='ocrx_word' id='word_1_40' title='bbox 1317 780 1479 838; x_wconf 89' lang='lat' dir='ltr'><strong>habet</strong></span> <span class='ocrx_word' id='word_1_41' title='bbox 1506 799 1523 835; x_wconf 88' lang='lat'><strong>:</strong></span> 
     </span>
    </p>
   </div>
   <div class='ocr_carea' id='block_1_8' title="bbox 786 912 1675 981">
    <p class='ocr_par' dir='ltr' id='par_1_8' title="bbox 786 912 1675 981">
     <span class='ocr_line' id='line_1_8' title="bbox 786 912 1675 981; baseline -0.002 -15"><span class='ocrx_word' id='word_1_42' title='bbox 786 912 971 981; x_wconf 55' lang='lat' dir='ltr'><strong>Eorum</strong></span> <span class='ocrx_word' id='word_1_43' title='bbox 988 916 1316 981; x_wconf 76' lang='lat' dir='ltr'><strong>utinamsanis</strong></span> <span class='ocrx_word' id='word_1_44' title='bbox 1334 917 1547 981; x_wconf 77' lang='lat' dir='ltr'><strong>agerent</strong></span> <span class='ocrx_word' id='word_1_45' title='bbox 1566 914 1675 964; x_wconf 64' lang='lat' dir='ltr'><strong>hac</strong></span> 
     </span>
    </p>
   </div>
   <div class='ocr_carea' id='block_1_9' title="bbox 786 975 1699 1038">
    <p class='ocr_par' dir='ltr' id='par_1_9' title="bbox 786 975 1699 1038">
     <span class='ocr_line' id='line_1_9' title="bbox 786 975 1699 1038; baseline -0.002 -11"><span class='ocrx_word' id='word_1_46' title='bbox 786 976 892 1027; x_wconf 76' lang='lat' dir='ltr'><strong>Nec</strong></span> <span class='ocrx_word' id='word_1_47' title='bbox 911 975 1000 1038; x_wconf 75' lang='lat' dir='ltr'><strong>sua</strong></span> <span class='ocrx_word' id='word_1_48' title='bbox 1022 975 1268 1027; x_wconf 80' lang='lat' dir='ltr'><strong>liminibus</strong></span> <span class='ocrx_word' id='word_1_49' title='bbox 1288 975 1557 1038; x_wconf 80' lang='lat' dir='ltr'><strong>miscerent</strong></span> <span class='ocrx_word' id='word_1_50' title='bbox 1580 988 1699 1038; x_wconf 84' lang='lat' dir='ltr'><strong>pocu</strong></span> 
     </span>
    </p>
   </div>
   <div class='ocr_carea' id='block_1_10' title="bbox 791 1034 1993 1100">
    <p class='ocr_par' dir='ltr' id='par_1_10' title="bbox 791 1034 1993 1100">
     <span class='ocr_line' id='line_1_10' title="bbox 791 1034 1993 1100; baseline -0.003 -14"><span class='ocrx_word' id='word_1_51' title='bbox 791 1035 1070 1100; x_wconf 72' lang='lat' dir='ltr'><strong>Quamlibet</strong></span> <span class='ocrx_word' id='word_1_52' title='bbox 1090 1038 1172 1089; x_wconf 81' lang='lat' dir='ltr'><strong>hic</strong></span> <span class='ocrx_word' id='word_1_53' title='bbox 1186 1038 1355 1100; x_wconf 77' lang='lat' dir='ltr'><strong>jejuna</strong></span> <span class='ocrx_word' id='word_1_54' title='bbox 1374 1037 1551 1087; x_wconf 83' lang='lat' dir='ltr'><strong>cohors</strong></span> <span class='ocrx_word' id='word_1_55' title='bbox 1567 1034 1993 1100; x_wconf 34' lang='lat' dir='ltr'><strong>potioreuresultat</strong></span> 
     </span>
    </p>
   </div>
   <div class='ocr_carea' id='block_1_11' title="bbox 787 1094 2077 1161">
    <p class='ocr_par' dir='ltr' id='par_1_11' title="bbox 787 1094 2077 1161">
     <span class='ocr_line' id='line_1_11' title="bbox 787 1094 2077 1161; baseline -0.004 -13"><span class='ocrx_word' id='word_1_56' title='bbox 787 1094 1051 1161; x_wconf 83' lang='lat' dir='ltr'><strong>Obsequio,</strong></span> <span class='ocrx_word' id='word_1_57' title='bbox 1074 1094 1220 1161; x_wconf 71' lang='lat' dir='ltr'><strong>castis</strong></span> <span class='ocrx_word' id='word_1_58' title='bbox 1239 1094 1436 1149; x_wconf 73' lang='lat' dir='ltr'><strong>sanctos</strong></span> <span class='ocrx_word' id='word_1_59' title='bbox 1449 1094 1643 1161; x_wconf 75' lang='lat' dir='ltr'><strong>quoque</strong></span> <span class='ocrx_word' id='word_1_60' title='bbox 1666 1097 1859 1161; x_wconf 77' lang='lat' dir='ltr'><strong>vocibus</strong></span> <span class='ocrx_word' id='word_1_61' title='bbox 1877 1094 2077 1161; x_wconf 50' lang='lat' dir='ltr'><strong>hymnos</strong></span> 
     </span>
    </p>
   </div>
   <div class='ocr_carea' id='block_1_12' title="bbox 788 1154 2012 1216">
    <p class='ocr_par' dir='ltr' id='par_1_12' title="bbox 788 1154 2012 1216">
     <span class='ocr_line' id='line_1_12' title="bbox 788 1154 2012 1216; baseline -0.005 -6"><span class='ocrx_word' id='word_1_62' title='bbox 788 1154 1047 1216; x_wconf 61' lang='lat' dir='ltr'><strong>Personat,</strong></span> <span class='ocrx_word' id='word_1_63' title='bbox 1082 1166 1136 1210; x_wconf 88' lang='lat' dir='ltr'><strong>et</strong></span> <span class='ocrx_word' id='word_1_64' title='bbox 1157 1160 1366 1209; x_wconf 88' lang='lat' dir='ltr'><strong>Domino</strong></span> <span class='ocrx_word' id='word_1_65' title='bbox 1381 1154 1613 1209; x_wconf 74' lang='lat' dir='ltr'><strong>cantata&#39;m</strong></span> <span class='ocrx_word' id='word_1_66' title='bbox 1635 1157 1794 1206; x_wconf 84' lang='lat' dir='ltr'><strong>sobria</strong></span> <span class='ocrx_word' id='word_1_67' title='bbox 1815 1154 2012 1206; x_wconf 86' lang='lat' dir='ltr'><strong>laudem</strong></span> 
     </span>
    </p>
   </div>
   <div class='ocr_carea' id='block_1_13' title="bbox 784 1216 2024 1284">
    <p class='ocr_par' dir='ltr' id='par_1_13' title="bbox 784 1216 2024 1284">
     <span class='ocr_line' id='line_1_13' title="bbox 784 1216 2024 1284; baseline -0.005 -13"><span class='ocrx_word' id='word_1_68' title='bbox 784 1221 1021 1284; x_wconf 72' lang='lat' dir='ltr'><strong>Inmolat.</strong></span> <span class='ocrx_word' id='word_1_69' title='bbox 1049 1220 1349 1284; x_wconf 78' lang='lat' dir='ltr'><strong>Ignosceoda</strong></span> <span class='ocrx_word' id='word_1_70' title='bbox 1367 1228 1530 1284; x_wconf 80' lang='lat' dir='ltr'><strong>tamen</strong></span> <span class='ocrx_word' id='word_1_71' title='bbox 1552 1225 1670 1284; x_wconf 79' lang='lat' dir='ltr'><strong>pulo</strong></span> <span class='ocrx_word' id='word_1_72' title='bbox 1692 1216 1835 1284; x_wconf 72' lang='lat' dir='ltr'><strong>talia,</strong></span> <span class='ocrx_word' id='word_1_73' title='bbox 1864 1218 2024 1279; x_wconf 67' lang='lat' dir='ltr'><strong>parvis</strong></span> 
     </span>
    </p>
   </div>
   <div class='ocr_carea' id='block_1_14' title="bbox 786 1279 2068 1345">
    <p class='ocr_par' dir='ltr' id='par_1_14' title="bbox 786 1279 2068 1345">
     <span class='ocr_line' id='line_1_14' title="bbox 786 1279 2068 1345; baseline -0.007 -12"><span class='ocrx_word' id='word_1_74' title='bbox 786 1282 969 1345; x_wconf 73' lang='lat' dir='ltr'><strong>Caudia</strong></span> <span class='ocrx_word' id='word_1_75' title='bbox 989 1279 1103 1345; x_wconf 53' lang='lat' dir='ltr'><strong>qua}</strong></span> <span class='ocrx_word' id='word_1_76' title='bbox 1116 1283 1299 1333; x_wconf 86' lang='lat' dir='ltr'><strong>ducunt</strong></span> <span class='ocrx_word' id='word_1_77' title='bbox 1321 1282 1477 1343; x_wconf 85' lang='lat' dir='ltr'><strong>epulis</strong></span> <span class='ocrx_word' id='word_1_78' title='bbox 1494 1294 1507 1327; x_wconf 89' lang='lat'><strong><em>:</em></strong></span> <span class='ocrx_word' id='word_1_79' title='bbox 1525 1279 1633 1340; x_wconf 77' lang='lat' dir='ltr'><strong>quia</strong></span> <span class='ocrx_word' id='word_1_80' title='bbox 1657 1279 1907 1345; x_wconf 76' lang='lat' dir='ltr'><strong>mentibus</strong></span> <span class='ocrx_word' id='word_1_81' title='bbox 1930 1287 2068 1328; x_wconf 85' lang='lat' dir='ltr'><strong>error</strong></span> 
     </span>
    </p>
   </div>
   <div class='ocr_carea' id='block_1_15' title="bbox 783 1339 1900 1408">
    <p class='ocr_par' dir='ltr' id='par_1_15' title="bbox 783 1339 1900 1408">
     <span class='ocr_line' id='line_1_15' title="bbox 783 1339 1900 1408; baseline -0.008 -14"><span class='ocrx_word' id='word_1_82' title='bbox 783 1344 964 1408; x_wconf 74' lang='lat' dir='ltr'><strong>Irrupit</strong></span> <span class='ocrx_word' id='word_1_83' title='bbox 987 1339 1212 1408; x_wconf 58' lang='lat' dir='ltr'><strong>rudibus;</strong></span> <span class='ocrx_word' id='word_1_84' title='bbox 1243 1354 1337 1393; x_wconf 87' lang='lat' dir='ltr'><strong>nec</strong></span> <span class='ocrx_word' id='word_1_85' title='bbox 1356 1339 1503 1408; x_wconf 64' lang='lat' dir='ltr'><strong>tanta:</strong></span> <span class='ocrx_word' id='word_1_86' title='bbox 1527 1339 1900 1408; x_wconf 49' lang='lat' dir='ltr'><strong>@Ma‘ctllpa</strong></span> 
     </span>
    </p>
   </div>
   <div class='ocr_carea' id='block_1_16' title="bbox 784 1399 2024 1527">
    <p class='ocr_par' dir='ltr' id='par_1_16' title="bbox 784 1399 2024 1527">
     <span class='ocr_line' id='line_1_16' title="bbox 784 1399 2024 1468; baseline -0.005 -13"><span class='ocrx_word' id='word_1_87' title='bbox 784 1399 908 1456; x_wconf 74' lang='lat' dir='ltr'><strong>Sim&#39;</strong></span> <span class='ocrx_word' id='word_1_88' title='bbox 923 1405 1078 1455; x_wconf 85' lang='lat' dir='ltr'><strong>licitas</strong></span> <span class='ocrx_word' id='word_1_89' title='bbox 1098 1399 1285 1468; x_wconf 72' lang='lat' dir='ltr'><strong>pietate</strong></span> <span class='ocrx_word' id='word_1_90' title='bbox 1308 1404 1451 1458; x_wconf 86' lang='lat' dir='ltr'><strong>cadit.</strong></span> <span class='ocrx_word' id='word_1_91' title='bbox 1475 1401 1602 1451; x_wconf 86' lang='lat' dir='ltr'><strong>male</strong></span> <span class='ocrx_word' id='word_1_92' title='bbox 1618 1399 1815 1451; x_wconf 87' lang='lat' dir='ltr'><strong>credula</strong></span> <span class='ocrx_word' id='word_1_93' title='bbox 1831 1406 2024 1451; x_wconf 65' lang='lat' dir='ltr'><strong>nudos</strong></span> 
     </span>
     <span class='ocr_line' id='line_1_17' title="bbox 785 1420 1880 1527; baseline -0.006 -9"><span class='ocrx_word' id='word_1_94' title='bbox 785 1420 1009 1519; x_wconf 54' lang='lat' dir='ltr'><strong>Pergus</strong></span> <span class='ocrx_word' id='word_1_95' title='bbox 1025 1465 1220 1517; x_wconf 80' lang='lat' dir='ltr'><strong>halante</strong></span> <span class='ocrx_word' id='word_1_96' title='bbox 1232 1476 1371 1515; x_wconf 85' lang='lat' dir='ltr'><strong>mero</strong></span> <span class='ocrx_word' id='word_1_97' title='bbox 1387 1462 1604 1527; x_wconf 86' lang='lat' dir='ltr'><strong>gaudere</strong></span> <span class='ocrx_word' id='word_1_98' title='bbox 1622 1460 1880 1525; x_wconf 73' lang='lat' dir='ltr'><strong>sepulcris.</strong></span> 
     </span>
    </p>
   </div>
   <div class='ocr_carea' id='block_1_17' title="bbox 1789 909 2030 972">
    <p class='ocr_par' dir='ltr' id='par_1_17' title="bbox 1789 909 2030 972">
     <span class='ocr_line' id='line_1_18' title="bbox 1789 909 2030 972; baseline -0.017 -11"><span class='ocrx_word' id='word_1_99' title='bbox 1789 912 1864 961; x_wconf 86' lang='lat' dir='ltr'><strong>dia</strong></span> <span class='ocrx_word' id='word_1_100' title='bbox 1890 909 2030 972; x_wconf 71' lang='lat' dir='ltr'><strong>votis,</strong></span> 
     </span>
    </p>
   </div>
   <div class='ocr_carea' id='block_1_18' title="bbox 1768 964 1979 1022">
    <p class='ocr_par' dir='ltr' id='par_1_18' title="bbox 1768 964 1979 1022">
     <span class='ocr_line' id='line_1_19' title="bbox 1768 964 1979 1022; baseline 0 -1"><span class='ocrx_word' id='word_1_101' title='bbox 1768 974 1950 1022; x_wconf 81' lang='lat' dir='ltr'><strong>sanctis</strong></span> <span class='ocrx_word' id='word_1_102' title='bbox 1965 964 1979 1015; x_wconf 84' lang='lat' dir='ltr'><strong>l</strong></span> 
     </span>
    </p>
   </div>
   <div class='ocr_carea' id='block_1_19' title="bbox 785 1466 887 1519">
    <p class='ocr_par' dir='ltr' id='par_1_19' title="bbox 785 1466 887 1519">
     <span class='ocr_line' id='line_1_20' title="bbox 785 1466 887 1519; baseline 0.01 -1"><span class='ocrx_word' id='word_1_103' title='bbox 785 1466 887 1519; x_wconf 84' lang='lat' dir='ltr'><strong>Per</strong></span> 
     </span>
    </p>
   </div>
   <div class='ocr_carea' id='block_1_20' title="bbox 794 1606 2298 1681">
    <p class='ocr_par' dir='ltr' id='par_1_20' title="bbox 794 1606 2298 1681">
     <span class='ocr_line' id='line_1_21' title="bbox 794 1606 2298 1681; baseline -0.005 -12"><span class='ocrx_word' id='word_1_104' title='bbox 794 1612 919 1669; x_wconf 73' lang='grc'><strong>161.</strong></span> <span class='ocrx_word' id='word_1_105' title='bbox 951 1610 1047 1666; x_wconf 80' lang='lat' dir='ltr'><strong>llis</strong></span> <span class='ocrx_word' id='word_1_106' title='bbox 1073 1608 1368 1681; x_wconf 72' lang='lat' dir='ltr'><strong>paucisque</strong></span> <span class='ocrx_word' id='word_1_107' title='bbox 1411 1608 1533 1663; x_wconf 89' lang='lat' dir='ltr'><strong>aliis</strong></span> <span class='ocrx_word' id='word_1_108' title='bbox 1561 1606 1831 1664; x_wconf 81' lang='lat' dir='ltr'><strong>similibus</strong></span> <span class='ocrx_word' id='word_1_109' title='bbox 1871 1607 2072 1673; x_wconf 80' lang='lat' dir='ltr'><strong>verbis,</strong></span> <span class='ocrx_word' id='word_1_110' title='bbox 2103 1606 2298 1675; x_wconf 81' lang='lat' dir='ltr'><strong>quibus</strong></span> 
     </span>
    </p>
   </div>
   <div class='ocr_carea' id='block_1_21' title="bbox 724 1697 2297 1771">
    <p class='ocr_par' dir='ltr' id='par_1_21' title="bbox 724 1697 2297 1771">
     <span class='ocr_line' id='line_1_22' title="bbox 724 1697 2297 1771; baseline -0.005 -13"><span class='ocrx_word' id='word_1_111' title='bbox 724 1701 825 1759; x_wconf 77' lang='lat' dir='ltr'><strong>SS.</strong></span> <span class='ocrx_word' id='word_1_112' title='bbox 854 1702 1041 1757; x_wconf 86' lang='lat' dir='ltr'><strong>Patres</strong></span> <span class='ocrx_word' id='word_1_113' title='bbox 1064 1708 1158 1756; x_wconf 82' lang='lat' dir='ltr'><strong>aut</strong></span> <span class='ocrx_word' id='word_1_114' title='bbox 1181 1697 1617 1771; x_wconf 75' lang='lat' dir='ltr'><strong>superstitionem</strong></span> <span class='ocrx_word' id='word_1_115' title='bbox 1661 1697 1940 1769; x_wconf 72' lang='lat' dir='ltr'><strong>gentilium</strong></span> <span class='ocrx_word' id='word_1_116' title='bbox 1980 1703 2073 1751; x_wconf 92' lang='lat' dir='ltr'><strong>aut</strong></span> <span class='ocrx_word' id='word_1_117' title='bbox 2108 1710 2297 1751; x_wconf 80' lang='lat' dir='ltr'><strong>corru-</strong></span> 
     </span>
    </p>
   </div>
   <div class='ocr_carea' id='block_1_22' title="bbox 722 1787 2298 1863">
    <p class='ocr_par' dir='ltr' id='par_1_22' title="bbox 722 1787 2298 1863">
     <span class='ocr_line' id='line_1_23' title="bbox 722 1787 2298 1863; baseline -0.004 -16"><span class='ocrx_word' id='word_1_118' title='bbox 722 1791 922 1863; x_wconf 81' lang='lat' dir='ltr'><strong>ptelam</strong></span> <span class='ocrx_word' id='word_1_119' title='bbox 941 1788 1366 1847; x_wconf 80' lang='lat' dir='ltr'><strong>Christianorum</strong></span> <span class='ocrx_word' id='word_1_120' title='bbox 1389 1789 1441 1843; x_wconf 90' lang='lat' dir='ltr'><strong>in</strong></span> <span class='ocrx_word' id='word_1_121' title='bbox 1469 1788 1731 1858; x_wconf 67' lang='lat' dir='ltr'><strong>religiosis</strong></span> <span class='ocrx_word' id='word_1_122' title='bbox 1750 1787 1959 1854; x_wconf 82' lang='lat' dir='ltr'><strong>ritibus,</strong></span> <span class='ocrx_word' id='word_1_123' title='bbox 1987 1795 2080 1842; x_wconf 87' lang='lat' dir='ltr'><strong>aut</strong></span> <span class='ocrx_word' id='word_1_124' title='bbox 2102 1801 2298 1857; x_wconf 83' lang='lat' dir='ltr'><strong>pravos</strong></span> 
     </span>
    </p>
   </div>
   <div class='ocr_carea' id='block_1_23' title="bbox 2402 601 3995 678">
    <p class='ocr_par' dir='ltr' id='par_1_23' title="bbox 2402 601 3995 678">
     <span class='ocr_line' id='line_1_24' title="bbox 2402 601 3995 678; baseline 0.007 -23"><span class='ocrx_word' id='word_1_125' title='bbox 2402 602 2513 656; x_wconf 90' lang='lat' dir='ltr'><strong>sint</strong></span> <span class='ocrx_word' id='word_1_126' title='bbox 2566 601 2791 659; x_wconf 78' lang='lat' dir='ltr'><strong>directa;</strong></span> <span class='ocrx_word' id='word_1_127' title='bbox 2844 602 2935 660; x_wconf 89' lang='lat' dir='ltr'><strong>Sic</strong></span> <span class='ocrx_word' id='word_1_128' title='bbox 2976 604 3283 661; x_wconf 88' lang='lat' dir='ltr'><strong>Lactantius</strong></span> <span class='ocrx_word' id='word_1_129' title='bbox 3313 606 3505 678; x_wconf 85' lang='lat' dir='ltr'><strong>(cujus</strong></span> <span class='ocrx_word' id='word_1_130' title='bbox 3560 616 3742 665; x_wconf 82' lang='lat' dir='ltr'><strong>tamen</strong></span> <span class='ocrx_word' id='word_1_131' title='bbox 3801 620 3995 666; x_wconf 84' lang='lat' dir='ltr'><strong>aucto-</strong></span> 
     </span>
    </p>
   </div>
   <div class='ocr_carea' id='block_1_24' title="bbox 2400 690 3997 769">
    <p class='ocr_par' dir='ltr' id='par_1_24' title="bbox 2400 690 3997 769">
     <span class='ocr_line' id='line_1_25' title="bbox 2400 690 3997 769; baseline 0.008 -24"><span class='ocrx_word' id='word_1_132' title='bbox 2400 690 2532 745; x_wconf 77' lang='lat' dir='ltr'><strong>ritas</strong></span> <span class='ocrx_word' id='word_1_133' title='bbox 2568 707 2675 747; x_wconf 91' lang='lat' dir='ltr'><strong>non</strong></span> <span class='ocrx_word' id='word_1_134' title='bbox 2721 692 2895 764; x_wconf 88' lang='lat' dir='ltr'><strong>magni</strong></span> <span class='ocrx_word' id='word_1_135' title='bbox 2952 694 3205 764; x_wconf 89' lang='lat' dir='ltr'><strong>ponderis</strong></span> <span class='ocrx_word' id='word_1_136' title='bbox 3254 695 3565 769; x_wconf 81' lang='lat' dir='ltr'><strong>habetur),</strong></span> <span class='ocrx_word' id='word_1_137' title='bbox 3591 699 3997 768; x_wconf 87' lang='lat' dir='ltr'><strong>quicelebrita-</strong></span> 
     </span>
    </p>
   </div>
   <div class='ocr_carea' id='block_1_25' title="bbox 2401 784 3992 862">
    <p class='ocr_par' dir='ltr' id='par_1_25' title="bbox 2401 784 3992 862">
     <span class='ocr_line' id='line_1_26' title="bbox 2401 784 3992 862; baseline 0.009 -27"><span class='ocrx_word' id='word_1_138' title='bbox 2401 788 2509 836; x_wconf 89' lang='lat' dir='ltr'><strong>tem</strong></span> <span class='ocrx_word' id='word_1_139' title='bbox 2539 784 2745 839; x_wconf 78' lang='lat' dir='ltr'><strong>sabbati</strong></span> <span class='ocrx_word' id='word_1_140' title='bbox 2792 784 3060 854; x_wconf 84' lang='lat' dir='ltr'><strong>paschalis</strong></span> <span class='ocrx_word' id='word_1_141' title='bbox 3088 786 3358 859; x_wconf 85' lang='lat' dir='ltr'><strong>laudavit,</strong></span> <span class='ocrx_word' id='word_1_142' title='bbox 3400 799 3460 846; x_wconf 91' lang='lat' dir='ltr'><strong>ut</strong></span> <span class='ocrx_word' id='word_1_143' title='bbox 3508 790 3620 847; x_wconf 80' lang='lat' dir='ltr'><strong>dixi</strong></span> <span class='ocrx_word' id='word_1_144' title='bbox 3650 808 3806 848; x_wconf 85' lang='lat' dir='ltr'><strong>num.</strong></span> <span class='ocrx_word' id='word_1_145' title='bbox 3866 795 3992 862; x_wconf 73' lang='lat' dir='ltr'><strong>N7,</strong></span> 
     </span>
    </p>
   </div>
   <div class='ocr_carea' id='block_1_26' title="bbox 2400 872 3994 953">
    <p class='ocr_par' dir='ltr' id='par_1_26' title="bbox 2400 872 3994 953">
     <span class='ocr_line' id='line_1_27' title="bbox 2400 872 3994 953; baseline 0.009 -27"><span class='ocrx_word' id='word_1_146' title='bbox 2400 886 2507 927; x_wconf 93' lang='lat' dir='ltr'><strong>non</strong></span> <span class='ocrx_word' id='word_1_147' title='bbox 2535 872 2788 944; x_wconf 75' lang='lat' dir='ltr'><strong>ignorans</strong></span> <span class='ocrx_word' id='word_1_148' title='bbox 2830 884 2983 932; x_wconf 87' lang='lat' dir='ltr'><strong>certe</strong></span> <span class='ocrx_word' id='word_1_149' title='bbox 3022 893 3130 948; x_wconf 90' lang='lat' dir='ltr'><strong>quo</strong></span> <span class='ocrx_word' id='word_1_150' title='bbox 3175 894 3345 937; x_wconf 79' lang='lat' dir='ltr'><strong>more.</strong></span> <span class='ocrx_word' id='word_1_151' title='bbox 3375 891 3753 953; x_wconf 68' lang='lat' dir='ltr'><strong>perageretur,</strong></span> <span class='ocrx_word' id='word_1_152' title='bbox 3804 886 3994 941; x_wconf 87' lang='lat' dir='ltr'><strong>nihilo-</strong></span> 
     </span>
    </p>
   </div>
   <div class='ocr_carea' id='block_1_27' title="bbox 2400 961 3994 1044">
    <p class='ocr_par' dir='ltr' id='par_1_27' title="bbox 2400 961 3994 1044">
     <span class='ocr_line' id='line_1_28' title="bbox 2400 961 3994 1044; baseline 0.011 -28"><span class='ocrx_word' id='word_1_153' title='bbox 2400 961 2581 1019; x_wconf 89' lang='lat' dir='ltr'><strong>minus</strong></span> <span class='ocrx_word' id='word_1_154' title='bbox 2608 964 2700 1020; x_wconf 87' lang='lat' dir='ltr'><strong>lib.</strong></span> <span class='ocrx_word' id='word_1_155' title='bbox 2730 979 2806 1030; x_wconf 84' lang='lat' dir='ltr'><strong>vt,</strong></span> <span class='ocrx_word' id='word_1_156' title='bbox 2836 980 2958 1036; x_wconf 88' lang='lat' dir='ltr'><strong>cap.</strong></span> <span class='ocrx_word' id='word_1_157' title='bbox 2992 969 3044 1035; x_wconf 84' lang='lat' dir='ltr'><strong>l,</strong></span> <span class='ocrx_word' id='word_1_158' title='bbox 3076 969 3129 1024; x_wconf 91' lang='lat' dir='ltr'><strong>in</strong></span> <span class='ocrx_word' id='word_1_159' title='bbox 3156 968 3285 1037; x_wconf 87' lang='lat' dir='ltr'><strong>line,</strong></span> <span class='ocrx_word' id='word_1_160' title='bbox 3315 980 3373 1027; x_wconf 93' lang='lat' dir='ltr'><strong>et</strong></span> <span class='ocrx_word' id='word_1_161' title='bbox 3411 987 3534 1044; x_wconf 86' lang='lat' dir='ltr'><strong>cap.</strong></span> <span class='ocrx_word' id='word_1_162' title='bbox 3578 973 3638 1039; x_wconf 71' lang='lat'><strong>2,</strong></span> <span class='ocrx_word' id='word_1_163' title='bbox 3669 973 3818 1032; x_wconf 90' lang='lat' dir='ltr'><strong>hunc</strong></span> <span class='ocrx_word' id='word_1_164' title='bbox 3875 991 3994 1032; x_wconf 83' lang='lat' dir='ltr'><strong>mo-</strong></span> 
     </span>
    </p>
   </div>
   <div class='ocr_carea' id='block_1_28' title="bbox 2401 1055 3996 1134">
    <p class='ocr_par' dir='ltr' id='par_1_28' title="bbox 2401 1055 3996 1134">
     <span class='ocr_line' id='line_1_29' title="bbox 2401 1055 3996 1134; baseline 0.008 -25"><span class='ocrx_word' id='word_1_165' title='bbox 2401 1069 2516 1110; x_wconf 88' lang='lat' dir='ltr'><strong>rem</strong></span> <span class='ocrx_word' id='word_1_166' title='bbox 2568 1055 2808 1127; x_wconf 85' lang='lat' dir='ltr'><strong>aliosqne</strong></span> <span class='ocrx_word' id='word_1_167' title='bbox 2855 1056 2908 1112; x_wconf 92' lang='lat' dir='ltr'><strong>in</strong></span> <span class='ocrx_word' id='word_1_168' title='bbox 2960 1059 3191 1115; x_wconf 77' lang='lat' dir='ltr'><strong>ethnicis</strong></span> <span class='ocrx_word' id='word_1_169' title='bbox 3237 1061 3379 1117; x_wconf 74' lang='lat' dir='ltr'><strong>let-re</strong></span> <span class='ocrx_word' id='word_1_170' title='bbox 3406 1079 3514 1119; x_wconf 93' lang='lat' dir='ltr'><strong>non</strong></span> <span class='ocrx_word' id='word_1_171' title='bbox 3545 1074 3723 1134; x_wconf 82' lang='lat' dir='ltr'><strong>potest</strong></span> <span class='ocrx_word' id='word_1_172' title='bbox 3754 1083 3770 1121; x_wconf 91' lang='lat'><strong>:</strong></span> <span class='ocrx_word' id='word_1_173' title='bbox 3796 1065 3996 1121; x_wconf 68' lang='lat' dir='ltr'><strong>Eadem</strong></span> 
     </span>
    </p>
   </div>
   <div class='ocr_carea' id='block_1_29' title="bbox 2400 1138 3991 1227">
    <p class='ocr_par' dir='ltr' id='par_1_29' title="bbox 2400 1138 3991 1227">
     <span class='ocr_line' id='line_1_30' title="bbox 2400 1138 3991 1227; baseline 0.009 -29"><span class='ocrx_word' id='word_1_174' title='bbox 2400 1145 2613 1201; x_wconf 83' lang='lat' dir='ltr'><strong>miseros</strong></span> <span class='ocrx_word' id='word_1_175' title='bbox 2639 1148 2843 1203; x_wconf 69' lang='lat' dir='ltr'><strong>recitas</strong></span> <span class='ocrx_word' id='word_1_176' title='bbox 2876 1151 3095 1221; x_wconf 80' lang='lat' dir='ltr'><strong>premit:</strong></span> <span class='ocrx_word' id='word_1_177' title='bbox 3125 1138 3259 1206; x_wconf 78' lang='lat' dir='ltr'><strong>sicut</strong></span> <span class='ocrx_word' id='word_1_178' title='bbox 3280 1155 3418 1208; x_wconf 88' lang='lat' dir='ltr'><strong>enim</strong></span> <span class='ocrx_word' id='word_1_179' title='bbox 3442 1156 3532 1227; x_wconf 87' lang='lat' dir='ltr'><strong>qui</strong></span> <span class='ocrx_word' id='word_1_180' title='bbox 3555 1157 3625 1211; x_wconf 89' lang='lat' dir='ltr'><strong>sit</strong></span> <span class='ocrx_word' id='word_1_181' title='bbox 3650 1172 3802 1211; x_wconf 72' lang='lat' dir='ltr'><strong>uerus</strong></span> <span class='ocrx_word' id='word_1_182' title='bbox 3831 1157 3991 1224; x_wconf 85' lang='lat' dir='ltr'><strong>Deus,</strong></span> 
     </span>
    </p>
   </div>
   <div class='ocr_carea' id='block_1_30' title="bbox 2399 1234 3991 1319">
    <p class='ocr_par' dir='ltr' id='par_1_30' title="bbox 2399 1234 3991 1319">
     <span class='ocr_line' id='line_1_31' title="bbox 2399 1234 3991 1319; baseline 0.008 -30"><span class='ocrx_word' id='word_1_183' title='bbox 2399 1234 2475 1289; x_wconf 84' lang='lat' dir='ltr'><strong>ita</strong></span> <span class='ocrx_word' id='word_1_184' title='bbox 2500 1236 2587 1305; x_wconf 91' lang='lat' dir='ltr'><strong>qui</strong></span> <span class='ocrx_word' id='word_1_185' title='bbox 2604 1236 2671 1290; x_wconf 87' lang='lat' dir='ltr'><strong>sit</strong></span> <span class='ocrx_word' id='word_1_186' title='bbox 2695 1252 2842 1293; x_wconf 75' lang='lat' dir='ltr'><strong>uerus</strong></span> <span class='ocrx_word' id='word_1_187' title='bbox 2862 1240 3030 1295; x_wconf 86' lang='lat' dir='ltr'><strong>cultus</strong></span> <span class='ocrx_word' id='word_1_188' title='bbox 3057 1243 3319 1312; x_wconf 88' lang='lat' dir='ltr'><strong>ignorant.</strong></span> <span class='ocrx_word' id='word_1_189' title='bbox 3344 1243 3579 1299; x_wconf 66' lang='lat' dir='ltr'><strong>lactant</strong></span> <span class='ocrx_word' id='word_1_190' title='bbox 3606 1247 3770 1319; x_wconf 83' lang='lat' dir='ltr'><strong>igitur</strong></span> <span class='ocrx_word' id='word_1_191' title='bbox 3791 1249 3991 1319; x_wconf 80' lang='lat' dir='ltr'><strong>opimas</strong></span> 
     </span>
    </p>
   </div>
   <div class='ocr_carea' id='block_1_31' title="bbox 2400 1326 3992 1409">
    <p class='ocr_par' dir='ltr' id='par_1_31' title="bbox 2400 1326 3992 1409">
     <span class='ocr_line' id='line_1_32' title="bbox 2400 1326 3992 1409; baseline 0.009 -30"><span class='ocrx_word' id='word_1_192' title='bbox 2400 1332 2449 1380; x_wconf 85' lang='lat' dir='ltr'><strong>et</strong></span> <span class='ocrx_word' id='word_1_193' title='bbox 2485 1326 2702 1396; x_wconf 85' lang='lat' dir='ltr'><strong>pingues</strong></span> <span class='ocrx_word' id='word_1_194' title='bbox 2730 1327 2925 1383; x_wconf 79' lang='lat' dir='ltr'><strong>hostias</strong></span> <span class='ocrx_word' id='word_1_195' title='bbox 2971 1329 3081 1385; x_wconf 88' lang='lat' dir='ltr'><strong>Deo</strong></span> <span class='ocrx_word' id='word_1_196' title='bbox 3103 1372 3120 1400; x_wconf 93' lang='lat'><strong>,</strong></span> <span class='ocrx_word' id='word_1_197' title='bbox 3149 1334 3298 1404; x_wconf 87' lang='lat' dir='ltr'><strong>quasi</strong></span> <span class='ocrx_word' id='word_1_198' title='bbox 3336 1337 3612 1403; x_wconf 85' lang='lat' dir='ltr'><strong>esurienti;</strong></span> <span class='ocrx_word' id='word_1_199' title='bbox 3663 1339 3992 1409; x_wconf 81' lang='lat' dir='ltr'><strong>profundunt</strong></span> 
     </span>
    </p>
   </div>
   <div class='ocr_carea' id='block_1_32' title="bbox 2401 1416 3993 1486">
    <p class='ocr_par' dir='ltr' id='par_1_32' title="bbox 2401 1416 3993 1486">
     <span class='ocr_line' id='line_1_33' title="bbox 2401 1416 3993 1486; baseline 0.009 -17"><span class='ocrx_word' id='word_1_200' title='bbox 2401 1416 2518 1470; x_wconf 79' lang='lat' dir='ltr'><strong>uina</strong></span> <span class='ocrx_word' id='word_1_201' title='bbox 2548 1425 2791 1486; x_wconf 88' lang='lat' dir='ltr'><strong>tanquam</strong></span> <span class='ocrx_word' id='word_1_202' title='bbox 2817 1419 3041 1486; x_wconf 79' lang='lat' dir='ltr'><strong>sitienti;</strong></span> <span class='ocrx_word' id='word_1_203' title='bbox 3068 1422 3358 1478; x_wconf 78' lang='lat' dir='ltr'><strong>accendunt</strong></span> <span class='ocrx_word' id='word_1_204' title='bbox 3383 1423 3583 1480; x_wconf 85' lang='lat' dir='ltr'><strong>lumina</strong></span> <span class='ocrx_word' id='word_1_205' title='bbox 3612 1428 3748 1481; x_wconf 70' lang='lat' dir='ltr'><strong>velut</strong></span> <span class='ocrx_word' id='word_1_206' title='bbox 3776 1428 3833 1481; x_wconf 88' lang='lat' dir='ltr'><strong>in</strong></span> <span class='ocrx_word' id='word_1_207' title='bbox 3855 1438 3993 1483; x_wconf 83' lang='lat' dir='ltr'><strong>tene-</strong></span> 
     </span>
    </p>
   </div>
   <div class='ocr_carea' id='block_1_33' title="bbox 2399 1507 3993 1588">
    <p class='ocr_par' dir='ltr' id='par_1_33' title="bbox 2399 1507 3993 1588">
     <span class='ocr_line' id='line_1_34' title="bbox 2399 1507 3993 1588; baseline 0.008 -27"><span class='ocrx_word' id='word_1_208' title='bbox 2399 1507 2505 1562; x_wconf 89' lang='lat' dir='ltr'><strong>bris</strong></span> <span class='ocrx_word' id='word_1_209' title='bbox 2527 1509 2790 1579; x_wconf 88' lang='lat' dir='ltr'><strong>agenti....</strong></span> <span class='ocrx_word' id='word_1_210' title='bbox 2819 1508 2960 1564; x_wconf 79' lang='lat' dir='ltr'><strong>Num</strong></span> <span class='ocrx_word' id='word_1_211' title='bbox 2983 1511 3142 1584; x_wconf 79' lang='lat' dir='ltr'><strong>igitur</strong></span> <span class='ocrx_word' id='word_1_212' title='bbox 3167 1514 3349 1570; x_wconf 86' lang='lat' dir='ltr'><strong>mentis</strong></span> <span class='ocrx_word' id='word_1_213' title='bbox 3368 1531 3477 1571; x_wconf 75' lang='lat' dir='ltr'><strong>stite</strong></span> <span class='ocrx_word' id='word_1_214' title='bbox 3502 1532 3708 1588; x_wconf 81' lang='lat' dir='ltr'><strong>compos</strong></span> <span class='ocrx_word' id='word_1_215' title='bbox 3734 1520 3993 1586; x_wconf 77' lang='lat' dir='ltr'><strong>putandus</strong></span> 
     </span>
    </p>
   </div>
   <div class='ocr_carea' id='block_1_34' title="bbox 2398 1600 3993 1667">
    <p class='ocr_par' dir='ltr' id='par_1_34' title="bbox 2398 1600 3993 1667">
     <span class='ocr_line' id='line_1_35' title="bbox 2398 1600 3993 1667; baseline 0.007 -14"><span class='ocrx_word' id='word_1_216' title='bbox 2398 1608 2471 1653; x_wconf 90' lang='lat' dir='ltr'><strong>est</strong></span> <span class='ocrx_word' id='word_1_217' title='bbox 2518 1600 2607 1667; x_wconf 85' lang='lat' dir='ltr'><strong>qui</strong></span> <span class='ocrx_word' id='word_1_218' title='bbox 2641 1601 2840 1655; x_wconf 89' lang='lat' dir='ltr'><strong>auctori</strong></span> <span class='ocrx_word' id='word_1_219' title='bbox 2866 1612 2915 1655; x_wconf 90' lang='lat' dir='ltr'><strong>et</strong></span> <span class='ocrx_word' id='word_1_220' title='bbox 2938 1603 3107 1657; x_wconf 89' lang='lat' dir='ltr'><strong>datori</strong></span> <span class='ocrx_word' id='word_1_221' title='bbox 3134 1602 3344 1661; x_wconf 72' lang='lat' dir='ltr'><strong>(trutinis</strong></span> <span class='ocrx_word' id='word_1_222' title='bbox 3366 1607 3700 1663; x_wconf 80' lang='lat' dir='ltr'><strong>candelarum</strong></span> <span class='ocrx_word' id='word_1_223' title='bbox 3732 1624 3796 1663; x_wconf 86' lang='lat' dir='ltr'><strong>ac</strong></span> <span class='ocrx_word' id='word_1_224' title='bbox 3820 1625 3993 1664; x_wconf 79' lang='lat' dir='ltr'><strong>cereo-</strong></span> 
     </span>
    </p>
   </div>
   <div class='ocr_carea' id='block_1_35' title="bbox 2398 1688 3991 1769">
    <p class='ocr_par' dir='ltr' id='par_1_35' title="bbox 2398 1688 3991 1769">
     <span class='ocr_line' id='line_1_36' title="bbox 2398 1688 3991 1769; baseline 0.008 -27"><span class='ocrx_word' id='word_1_225' title='bbox 2398 1704 2511 1743; x_wconf 86' lang='lat' dir='ltr'><strong>rum</strong></span> <span class='ocrx_word' id='word_1_226' title='bbox 2541 1688 2710 1746; x_wconf 85' lang='lat' dir='ltr'><strong>lumen</strong></span> <span class='ocrx_word' id='word_1_227' title='bbox 2730 1690 2880 1760; x_wconf 64' lang='lat' dir='ltr'><strong>offert</strong></span> <span class='ocrx_word' id='word_1_228' title='bbox 2906 1710 3004 1761; x_wconf 91' lang='lat' dir='ltr'><strong>pro</strong></span> <span class='ocrx_word' id='word_1_229' title='bbox 3031 1709 3238 1749; x_wconf 89' lang='lat' dir='ltr'><strong>munere</strong></span> <span class='ocrx_word' id='word_1_230' title='bbox 3257 1697 3349 1751; x_wconf 69' lang='lat'><strong>2...</strong></span> <span class='ocrx_word' id='word_1_231' title='bbox 3379 1694 3567 1769; x_wconf 84' lang='lat' dir='ltr'><strong>Itaque</strong></span> <span class='ocrx_word' id='word_1_232' title='bbox 3584 1698 3685 1753; x_wconf 87' lang='lat' dir='ltr'><strong>diis</strong></span> <span class='ocrx_word' id='word_1_233' title='bbox 3712 1715 3819 1753; x_wconf 78' lang='lat' dir='ltr'><strong>non</strong></span> <span class='ocrx_word' id='word_1_234' title='bbox 3846 1702 3991 1754; x_wconf 71' lang='lat' dir='ltr'><strong>cclc-</strong></span> 
     </span>
    </p>
   </div>
   <div class='ocr_carea' id='block_1_36' title="bbox 2399 1784 3993 1859">
    <p class='ocr_par' dir='ltr' id='par_1_36' title="bbox 2399 1784 3993 1859">
     <span class='ocr_line' id='line_1_37' title="bbox 2399 1784 3993 1859; baseline 0.005 -23"><span class='ocrx_word' id='word_1_235' title='bbox 2399 1789 2529 1836; x_wconf 87' lang='lat' dir='ltr'><strong>stem</strong></span> <span class='ocrx_word' id='word_1_236' title='bbox 2555 1795 2783 1849; x_wconf 83' lang='lat' dir='ltr'><strong>sensum,</strong></span> <span class='ocrx_word' id='word_1_237' title='bbox 2806 1784 2899 1837; x_wconf 88' lang='lat' dir='ltr'><strong>sed</strong></span> <span class='ocrx_word' id='word_1_238' title='bbox 2928 1784 3213 1839; x_wconf 76' lang='lat' dir='ltr'><strong>humanum</strong></span> <span class='ocrx_word' id='word_1_239' title='bbox 3238 1787 3411 1859; x_wconf 87' lang='lat' dir='ltr'><strong>potius</strong></span> <span class='ocrx_word' id='word_1_240' title='bbox 3429 1786 3748 1855; x_wconf 84' lang='lat' dir='ltr'><strong>attribuunt;</strong></span> <span class='ocrx_word' id='word_1_241' title='bbox 3776 1788 3993 1857; x_wconf 83' lang='lat' dir='ltr'><strong>ideoque</strong></span> 
     </span>
    </p>
   </div>
   <div class='ocr_carea' id='block_1_37' title="bbox 722 1855 3990 1951">
    <p class='ocr_par' dir='ltr' id='par_1_37' title="bbox 722 1855 3990 1951">
     <span class='ocr_line' id='line_1_38' title="bbox 722 1855 3990 1951; baseline 0 -17"><span class='ocrx_word' id='word_1_242' title='bbox 722 1855 996 1938; x_wconf 73' lang='lat' dir='ltr'><strong>hominum</strong></span> <span class='ocrx_word' id='word_1_243' title='bbox 1041 1894 1255 1948; x_wconf 84' lang='lat' dir='ltr'><strong>mores,</strong></span> <span class='ocrx_word' id='word_1_244' title='bbox 1298 1855 1592 1950; x_wconf 72' lang='lat' dir='ltr'><strong>aliquando</strong></span> <span class='ocrx_word' id='word_1_245' title='bbox 1631 1880 1923 1951; x_wconf 74' lang='lat' dir='ltr'><strong>permissos</strong></span> <span class='ocrx_word' id='word_1_246' title='bbox 1942 1922 1958 1950; x_wconf 90' lang='lat'><strong>,</strong></span> <span class='ocrx_word' id='word_1_247' title='bbox 2022 1855 2294 1951; x_wconf 78' lang='lat' dir='ltr'><strong>nunquam</strong></span> <span class='ocrx_word' id='word_1_248' title='bbox 2328 1855 2374 1915; x_wconf 74' lang='grc' dir='ltr'><strong><em>Β</em></strong></span> <span class='ocrx_word' id='word_1_249' title='bbox 2401 1872 2506 1927; x_wconf 88' lang='lat' dir='ltr'><strong>illis</strong></span> <span class='ocrx_word' id='word_1_250' title='bbox 2531 1875 2821 1929; x_wconf 88' lang='lat' dir='ltr'><strong>necessaria</strong></span> <span class='ocrx_word' id='word_1_251' title='bbox 2839 1884 2887 1929; x_wconf 88' lang='lat' dir='ltr'><strong>et</strong></span> <span class='ocrx_word' id='word_1_252' title='bbox 2907 1884 3056 1947; x_wconf 87' lang='lat' dir='ltr'><strong>grata</strong></span> <span class='ocrx_word' id='word_1_253' title='bbox 3080 1855 3297 1933; x_wconf 84' lang='lat' dir='ltr'><strong>credunt</strong></span> <span class='ocrx_word' id='word_1_254' title='bbox 3313 1895 3423 1935; x_wconf 88' lang='lat' dir='ltr'><strong>esse</strong></span> <span class='ocrx_word' id='word_1_255' title='bbox 3447 1896 3565 1948; x_wconf 78' lang='lat' dir='ltr'><strong>quat</strong></span> <span class='ocrx_word' id='word_1_256' title='bbox 3587 1880 3756 1945; x_wconf 85' lang='lat' dir='ltr'><strong>nobis,</strong></span> <span class='ocrx_word' id='word_1_257' title='bbox 3803 1855 3990 1951; x_wconf 82' lang='lat' dir='ltr'><strong>quibus</strong></span> 
     </span>
    </p>
   </div>
   <div class='ocr_carea' id='block_1_38' title="bbox 722 1970 2297 2046">
    <p class='ocr_par' dir='ltr' id='par_1_38' title="bbox 722 1970 2297 2046">
     <span class='ocr_line' id='line_1_39' title="bbox 722 1970 2297 2046; baseline -0.001 -17"><span class='ocrx_word' id='word_1_258' title='bbox 722 1973 1068 2046; x_wconf 81' lang='lat' dir='ltr'><strong>approbatos,</strong></span> <span class='ocrx_word' id='word_1_259' title='bbox 1113 1970 1536 2044; x_wconf 85' lang='lat' dir='ltr'><strong>reprehendunt,</strong></span> <span class='ocrx_word' id='word_1_260' title='bbox 1577 1972 1813 2029; x_wconf 69' lang='lat' dir='ltr'><strong>haeretici</strong></span> <span class='ocrx_word' id='word_1_261' title='bbox 1854 1973 2187 2039; x_wconf 87' lang='lat' dir='ltr'><strong>abutuntur,</strong></span> <span class='ocrx_word' id='word_1_262' title='bbox 2237 1984 2297 2028; x_wconf 92' lang='lat' dir='ltr'><strong>ut</strong></span> 
     </span>
    </p>
   </div>
   <div class='ocr_carea' id='block_1_39' title="bbox 724 2060 2298 2134">
    <p class='ocr_par' dir='ltr' id='par_1_39' title="bbox 724 2060 2298 2134">
     <span class='ocr_line' id='line_1_40' title="bbox 724 2060 2298 2134; baseline -0.004 -15"><span class='ocrx_word' id='word_1_263' title='bbox 724 2064 1032 2119; x_wconf 75' lang='lat' dir='ltr'><strong>universam</strong></span> <span class='ocrx_word' id='word_1_264' title='bbox 1052 2062 1355 2134; x_wconf 78' lang='lat' dir='ltr'><strong>huiusmodi</strong></span> <span class='ocrx_word' id='word_1_265' title='bbox 1380 2061 1824 2119; x_wconf 84' lang='lat' dir='ltr'><strong>consuetudinum</strong></span> <span class='ocrx_word' id='word_1_266' title='bbox 1846 2061 2109 2118; x_wconf 88' lang='lat' dir='ltr'><strong>rationem</strong></span> <span class='ocrx_word' id='word_1_267' title='bbox 2136 2060 2188 2116; x_wconf 89' lang='lat' dir='ltr'><strong>in</strong></span> <span class='ocrx_word' id='word_1_268' title='bbox 2217 2062 2298 2118; x_wconf 85' lang='lat' dir='ltr'><strong>in-</strong></span> 
     </span>
    </p>
   </div>
   <div class='ocr_carea' id='block_1_40' title="bbox 724 2149 2294 2219">
    <p class='ocr_par' dir='ltr' id='par_1_40' title="bbox 724 2149 2294 2219">
     <span class='ocr_line' id='line_1_41' title="bbox 724 2149 2294 2219; baseline -0.003 -12"><span class='ocrx_word' id='word_1_269' title='bbox 724 2152 921 2209; x_wconf 85' lang='lat' dir='ltr'><strong>vidiam</strong></span> <span class='ocrx_word' id='word_1_270' title='bbox 940 2161 1152 2214; x_wconf 87' lang='lat' dir='ltr'><strong>vocent.</strong></span> <span class='ocrx_word' id='word_1_271' title='bbox 1174 2159 1231 2207; x_wconf 90' lang='lat' dir='ltr'><strong>et</strong></span> <span class='ocrx_word' id='word_1_272' title='bbox 1251 2150 1563 2206; x_wconf 62' lang='lat' dir='ltr'><strong>idololatria</strong></span> <span class='ocrx_word' id='word_1_273' title='bbox 1585 2149 2170 2206; x_wconf 85' lang='lat' dir='ltr'><strong>nominecondemnent</strong></span> <span class='ocrx_word' id='word_1_274' title='bbox 2194 2149 2294 2219; x_wconf 83' lang='grc' dir='ltr'><strong>(α).</strong></span> 
     </span>
    </p>
   </div>
   <div class='ocr_carea' id='block_1_41' title="bbox 724 2240 2296 2311">
    <p class='ocr_par' dir='ltr' id='par_1_41' title="bbox 724 2240 2296 2311">
     <span class='ocr_line' id='line_1_42' title="bbox 724 2240 2296 2311; baseline -0.001 -14"><span class='ocrx_word' id='word_1_275' title='bbox 724 2242 924 2299; x_wconf 79' lang='lat' dir='ltr'><strong>Verum</strong></span> <span class='ocrx_word' id='word_1_276' title='bbox 976 2241 1218 2311; x_wconf 73' lang='lat' dir='ltr'><strong>diligenti</strong></span> <span class='ocrx_word' id='word_1_277' title='bbox 1281 2240 1626 2298; x_wconf 88' lang='lat' dir='ltr'><strong>distinctione</strong></span> <span class='ocrx_word' id='word_1_278' title='bbox 1681 2255 1818 2310; x_wconf 81' lang='lat' dir='ltr'><strong>apus</strong></span> <span class='ocrx_word' id='word_1_279' title='bbox 1884 2249 1968 2297; x_wconf 90' lang='lat' dir='ltr'><strong>est</strong></span> <span class='ocrx_word' id='word_1_280' title='bbox 2009 2256 2025 2296; x_wconf 92' lang='lat'><strong>:</strong></span> <span class='ocrx_word' id='word_1_281' title='bbox 2066 2241 2120 2297; x_wconf 91' lang='lat' dir='ltr'><strong>in</strong></span> <span class='ocrx_word' id='word_1_282' title='bbox 2158 2255 2296 2311; x_wconf 88' lang='lat' dir='ltr'><strong>gen-</strong></span> 
     </span>
    </p>
   </div>
   <div class='ocr_carea' id='block_1_42' title="bbox 720 2331 2299 2407">
    <p class='ocr_par' dir='ltr' id='par_1_42' title="bbox 720 2331 2299 2407">
     <span class='ocr_line' id='line_1_43' title="bbox 720 2331 2299 2407; baseline -0.005 -17"><span class='ocrx_word' id='word_1_283' title='bbox 720 2334 903 2391; x_wconf 88' lang='lat' dir='ltr'><strong>tilibus</strong></span> <span class='ocrx_word' id='word_1_284' title='bbox 960 2333 1119 2407; x_wconf 74' lang='lat'><strong>138</strong></span> <span class='ocrx_word' id='word_1_285' title='bbox 1175 2331 1415 2389; x_wconf 90' lang='lat' dir='ltr'><strong>nonnulli</strong></span> <span class='ocrx_word' id='word_1_286' title='bbox 1470 2334 1606 2388; x_wconf 88' lang='lat' dir='ltr'><strong>ritus</strong></span> <span class='ocrx_word' id='word_1_287' title='bbox 1651 2347 1681 2387; x_wconf 84' lang='lat' dir='ltr'><strong>a</strong></span> <span class='ocrx_word' id='word_1_288' title='bbox 1722 2331 1818 2388; x_wconf 86' lang='lat' dir='ltr'><strong>SS.</strong></span> <span class='ocrx_word' id='word_1_289' title='bbox 1853 2331 2099 2387; x_wconf 83' lang='lat' dir='ltr'><strong>Patribus</strong></span> <span class='ocrx_word' id='word_1_290' title='bbox 2146 2338 2299 2386; x_wconf 83' lang='lat' dir='ltr'><strong>nota-</strong></span> 
     </span>
    </p>
   </div>
   <div class='ocr_carea' id='block_1_43' title="bbox 720 2424 2293 2497">
    <p class='ocr_par' dir='ltr' id='par_1_43' title="bbox 720 2424 2293 2497">
     <span class='ocr_line' id='line_1_44' title="bbox 720 2424 2293 2497; baseline -0.003 -15"><span class='ocrx_word' id='word_1_291' title='bbox 720 2426 937 2494; x_wconf 86' lang='lat' dir='ltr'><strong>bantur,</strong></span> <span class='ocrx_word' id='word_1_292' title='bbox 958 2426 1083 2497; x_wconf 87' lang='lat' dir='ltr'><strong>quia</strong></span> <span class='ocrx_word' id='word_1_293' title='bbox 1112 2434 1169 2482; x_wconf 88' lang='lat' dir='ltr'><strong>et</strong></span> <span class='ocrx_word' id='word_1_294' title='bbox 1196 2440 1452 2497; x_wconf 85' lang='lat' dir='ltr'><strong>perverso</strong></span> <span class='ocrx_word' id='word_1_295' title='bbox 1480 2425 1640 2480; x_wconf 90' lang='lat' dir='ltr'><strong>modo</strong></span> <span class='ocrx_word' id='word_1_296' title='bbox 1665 2424 1884 2494; x_wconf 80' lang='lat' dir='ltr'><strong>ﬂebant,</strong></span> <span class='ocrx_word' id='word_1_297' title='bbox 1917 2433 1972 2480; x_wconf 93' lang='lat' dir='ltr'><strong>et</strong></span> <span class='ocrx_word' id='word_1_298' title='bbox 2011 2424 2077 2478; x_wconf 90' lang='lat' dir='ltr'><strong>ad</strong></span> <span class='ocrx_word' id='word_1_299' title='bbox 2108 2438 2293 2480; x_wconf 86' lang='lat' dir='ltr'><strong>verum</strong></span> 
     </span>
    </p>
   </div>
   <div class='ocr_carea' id='block_1_44' title="bbox 725 2514 2294 2572">
    <p class='ocr_par' dir='ltr' id='par_1_44' title="bbox 725 2514 2294 2572">
     <span class='ocr_line' id='line_1_45' title="bbox 725 2514 2294 2572; baseline -0.001 -1"><span class='ocrx_word' id='word_1_300' title='bbox 725 2515 896 2571; x_wconf 85' lang='lat' dir='ltr'><strong>Deum</strong></span> <span class='ocrx_word' id='word_1_301' title='bbox 939 2530 1047 2569; x_wconf 89' lang='lat' dir='ltr'><strong>non</strong></span> <span class='ocrx_word' id='word_1_302' title='bbox 1094 2515 1484 2572; x_wconf 70' lang='lat' dir='ltr'><strong>referebantur.</strong></span> <span class='ocrx_word' id='word_1_303' title='bbox 1534 2515 1704 2572; x_wconf 89' lang='lat' dir='ltr'><strong>Simili</strong></span> <span class='ocrx_word' id='word_1_304' title='bbox 1754 2515 1963 2571; x_wconf 80' lang='lat' dir='ltr'><strong>ratione</strong></span> <span class='ocrx_word' id='word_1_305' title='bbox 2006 2514 2294 2571; x_wconf 83' lang='lat' dir='ltr'><strong>Christiani</strong></span> 
     </span>
    </p>
   </div>
   <div class='ocr_carea' id='block_1_45' title="bbox 716 2604 2294 2675">
    <p class='ocr_par' dir='ltr' id='par_1_45' title="bbox 716 2604 2294 2675">
     <span class='ocr_line' id='line_1_46' title="bbox 716 2604 2294 2675; baseline -0.002 -15"><span class='ocrx_word' id='word_1_306' title='bbox 716 2604 1161 2674; x_wconf 79' lang='lat' dir='ltr'><strong>ohjurgabantur,</strong></span> <span class='ocrx_word' id='word_1_307' title='bbox 1190 2606 1313 2675; x_wconf 90' lang='lat' dir='ltr'><strong>quia</strong></span> <span class='ocrx_word' id='word_1_308' title='bbox 1339 2607 1615 2674; x_wconf 85' lang='lat' dir='ltr'><strong>gentilium</strong></span> <span class='ocrx_word' id='word_1_309' title='bbox 1647 2619 1851 2660; x_wconf 86' lang='lat' dir='ltr'><strong>morem</strong></span> <span class='ocrx_word' id='word_1_310' title='bbox 1897 2604 2106 2669; x_wconf 88' lang='lat' dir='ltr'><strong>secuti,</strong></span> <span class='ocrx_word' id='word_1_311' title='bbox 2132 2618 2294 2673; x_wconf 87' lang='lat' dir='ltr'><strong>opera</strong></span> 
     </span>
    </p>
   </div>
   <div class='ocr_carea' id='block_1_46' title="bbox 717 2692 2295 2766">
    <p class='ocr_par' dir='ltr' id='par_1_46' title="bbox 717 2692 2295 2766">
     <span class='ocr_line' id='line_1_47' title="bbox 717 2692 2295 2766; baseline -0.001 -17"><span class='ocrx_word' id='word_1_312' title='bbox 717 2695 955 2766; x_wconf 84' lang='lat' dir='ltr'><strong>alioquin</strong></span> <span class='ocrx_word' id='word_1_313' title='bbox 971 2698 1055 2765; x_wconf 88' lang='lat' dir='ltr'><strong>pla</strong></span> <span class='ocrx_word' id='word_1_314' title='bbox 1072 2708 1163 2751; x_wconf 85' lang='lat' dir='ltr'><strong>aut</strong></span> <span class='ocrx_word' id='word_1_315' title='bbox 1188 2696 1256 2751; x_wconf 89' lang='lat' dir='ltr'><strong>ob</strong></span> <span class='ocrx_word' id='word_1_316' title='bbox 1278 2696 1489 2750; x_wconf 79' lang='lat' dir='ltr'><strong>innncm</strong></span> <span class='ocrx_word' id='word_1_317' title='bbox 1510 2694 1902 2758; x_wconf 82' lang='lat' dir='ltr'><strong>credulitatem,</strong></span> <span class='ocrx_word' id='word_1_318' title='bbox 1926 2702 2019 2748; x_wconf 83' lang='lat' dir='ltr'><strong>aut</strong></span> <span class='ocrx_word' id='word_1_319' title='bbox 2038 2692 2108 2747; x_wconf 91' lang='lat' dir='ltr'><strong>ob</strong></span> <span class='ocrx_word' id='word_1_320' title='bbox 2131 2694 2295 2749; x_wconf 88' lang='lat' dir='ltr'><strong>animi</strong></span> 
     </span>
    </p>
   </div>
   <div class='ocr_carea' id='block_1_47' title="bbox 715 2783 2293 2855">
    <p class='ocr_par' dir='ltr' id='par_1_47' title="bbox 715 2783 2293 2855">
     <span class='ocr_line' id='line_1_48' title="bbox 715 2783 2293 2855; baseline -0.001 -15"><span class='ocrx_word' id='word_1_321' title='bbox 715 2786 1120 2853; x_wconf 79' lang='lat' dir='ltr'><strong>perversitatem</strong></span> <span class='ocrx_word' id='word_1_322' title='bbox 1140 2784 1571 2853; x_wconf 81' lang='lat' dir='ltr'><strong>corrumpebant.</strong></span> <span class='ocrx_word' id='word_1_323' title='bbox 1596 2784 1818 2854; x_wconf 84' lang='lat' dir='ltr'><strong>Egregie</strong></span> <span class='ocrx_word' id='word_1_324' title='bbox 1843 2783 1901 2840; x_wconf 86' lang='lat' dir='ltr'><strong>S.</strong></span> <span class='ocrx_word' id='word_1_325' title='bbox 1938 2783 2293 2855; x_wconf 80' lang='lat' dir='ltr'><strong>Hieronymus</strong></span> 
     </span>
    </p>
   </div>
   <div class='ocr_carea' id='block_1_48' title="bbox 716 2872 2294 2944">
    <p class='ocr_par' dir='ltr' id='par_1_48' title="bbox 716 2872 2294 2944">
     <span class='ocr_line' id='line_1_49' title="bbox 716 2872 2294 2944; baseline -0.001 -17"><span class='ocrx_word' id='word_1_326' title='bbox 716 2873 1061 2944; x_wconf 74' lang='lat' dir='ltr'><strong>Vigilantiam</strong></span> <span class='ocrx_word' id='word_1_327' title='bbox 1091 2874 1279 2931; x_wconf 78' lang='lat' dir='ltr'><strong>refellit</strong></span> <span class='ocrx_word' id='word_1_328' title='bbox 1305 2913 1321 2940; x_wconf 94' lang='lat'><strong>,</strong></span> <span class='ocrx_word' id='word_1_329' title='bbox 1376 2875 1467 2944; x_wconf 85' lang='lat' dir='ltr'><strong>qui</strong></span> <span class='ocrx_word' id='word_1_330' title='bbox 1498 2874 1775 2929; x_wconf 84' lang='lat' dir='ltr'><strong>catholicis</strong></span> <span class='ocrx_word' id='word_1_331' title='bbox 1802 2872 2089 2944; x_wconf 79' lang='lat' dir='ltr'><strong>objiciebat</strong></span> <span class='ocrx_word' id='word_1_332' title='bbox 2119 2890 2134 2931; x_wconf 88' lang='lat'>:</span> <span class='ocrx_word' id='word_1_333' title='bbox 2168 2872 2294 2927; x_wconf 69' lang='lat' dir='ltr'><strong>bla-</strong></span> 
     </span>
    </p>
   </div>
   <div class='ocr_carea' id='block_1_49' title="bbox 714 2964 2291 3039">
    <p class='ocr_par' dir='ltr' id='par_1_49' title="bbox 714 2964 2291 3039">
     <span class='ocr_line' id='line_1_50' title="bbox 714 2964 2291 3039; baseline 0 -20"><span class='ocrx_word' id='word_1_334' title='bbox 714 2982 870 3038; x_wconf 86' lang='lat' dir='ltr'><strong>gnum</strong></span> <span class='ocrx_word' id='word_1_335' title='bbox 899 2966 1142 3022; x_wconf 85' lang='lat' dir='ltr'><strong>hcnorem</strong></span> <span class='ocrx_word' id='word_1_336' title='bbox 1170 2966 1394 3036; x_wconf 63' lang='lat' dir='ltr'><strong>praebent</strong></span> <span class='ocrx_word' id='word_1_337' title='bbox 1420 2966 1713 3039; x_wconf 82' lang='lat' dir='ltr'><strong>ltujusmodi</strong></span> <span class='ocrx_word' id='word_1_338' title='bbox 1740 2966 1966 3021; x_wconf 83' lang='lat' dir='ltr'><strong>homines</strong></span> <span class='ocrx_word' id='word_1_339' title='bbox 1988 2964 2291 3019; x_wconf 89' lang='lat' dir='ltr'><strong>beatissimis</strong></span> 
     </span>
    </p>
   </div>
   <div class='ocr_carea' id='block_1_50' title="bbox 717 3055 2293 3127">
    <p class='ocr_par' dir='ltr' id='par_1_50' title="bbox 717 3055 2293 3127">
     <span class='ocr_line' id='line_1_51' title="bbox 717 3055 2293 3127; baseline 0 -20"><span class='ocrx_word' id='word_1_340' title='bbox 717 3056 1026 3125; x_wconf 81' lang='lat' dir='ltr'><strong>martyribus</strong></span> <span class='ocrx_word' id='word_1_341' title='bbox 1049 3097 1066 3123; x_wconf 94' lang='lat'><strong>,</strong></span> <span class='ocrx_word' id='word_1_342' title='bbox 1096 3073 1223 3125; x_wconf 87' lang='lat' dir='ltr'><strong>quos</strong></span> <span class='ocrx_word' id='word_1_343' title='bbox 1265 3065 1449 3127; x_wconf 89' lang='lat' dir='ltr'><strong>putant</strong></span> <span class='ocrx_word' id='word_1_344' title='bbox 1490 3059 1555 3110; x_wconf 78' lang='lat' dir='ltr'><strong>ile</strong></span> <span class='ocrx_word' id='word_1_345' title='bbox 1600 3056 1857 3110; x_wconf 76' lang='lat' dir='ltr'><strong>vilissimis</strong></span> <span class='ocrx_word' id='word_1_346' title='bbox 1900 3056 2118 3110; x_wconf 71' lang='lat' dir='ltr'><strong>cerealis</strong></span> <span class='ocrx_word' id='word_1_347' title='bbox 2167 3055 2293 3108; x_wconf 86' lang='lat' dir='ltr'><strong>illu-</strong></span> 
     </span>
    </p>
   </div>
   <div class='ocr_carea' id='block_1_51' title="bbox 713 3147 2290 3218">
    <p class='ocr_par' dir='ltr' id='par_1_51' title="bbox 713 3147 2290 3218">
     <span class='ocr_line' id='line_1_52' title="bbox 713 3147 2290 3218; baseline 0 -19"><span class='ocrx_word' id='word_1_348' title='bbox 713 3148 984 3212; x_wconf 84' lang='lat' dir='ltr'><strong>strandos,</strong></span> <span class='ocrx_word' id='word_1_349' title='bbox 1027 3163 1154 3217; x_wconf 87' lang='lat' dir='ltr'><strong>quos</strong></span> <span class='ocrx_word' id='word_1_350' title='bbox 1181 3148 1390 3218; x_wconf 78' lang='lat' dir='ltr'><strong>Agnus,</strong></span> <span class='ocrx_word' id='word_1_351' title='bbox 1418 3148 1506 3217; x_wconf 88' lang='lat' dir='ltr'><strong>qui</strong></span> <span class='ocrx_word' id='word_1_352' title='bbox 1549 3155 1622 3201; x_wconf 77' lang='lat' dir='ltr'><strong>est</strong></span> <span class='ocrx_word' id='word_1_353' title='bbox 1659 3147 1715 3201; x_wconf 84' lang='lat' dir='ltr'><strong>in</strong></span> <span class='ocrx_word' id='word_1_354' title='bbox 1741 3147 1909 3200; x_wconf 89' lang='lat' dir='ltr'><strong>medio</strong></span> <span class='ocrx_word' id='word_1_355' title='bbox 1949 3147 2137 3211; x_wconf 82' lang='lat' dir='ltr'><strong>throni,</strong></span> <span class='ocrx_word' id='word_1_356' title='bbox 2176 3162 2290 3200; x_wconf 84' lang='lat' dir='ltr'><strong>cum</strong></span> 
     </span>
    </p>
   </div>
   <div class='ocr_carea' id='block_1_52' title="bbox 714 3238 2290 3309">
    <p class='ocr_par' dir='ltr' id='par_1_52' title="bbox 714 3238 2290 3309">
     <span class='ocr_line' id='line_1_53' title="bbox 714 3238 2290 3309; baseline 0.002 -18"><span class='ocrx_word' id='word_1_357' title='bbox 714 3238 855 3292; x_wconf 90' lang='lat' dir='ltr'><strong>omni</strong></span> <span class='ocrx_word' id='word_1_358' title='bbox 893 3238 1096 3309; x_wconf 75' lang='lat' dir='ltr'><strong>fulgore</strong></span> <span class='ocrx_word' id='word_1_359' title='bbox 1144 3240 1425 3308; x_wconf 86' lang='lat' dir='ltr'><strong>majestatis</strong></span> <span class='ocrx_word' id='word_1_360' title='bbox 1471 3254 1582 3294; x_wconf 71' lang='lat' dir='ltr'><strong>suat</strong></span> <span class='ocrx_word' id='word_1_361' title='bbox 1638 3238 1884 3293; x_wconf 80' lang='lat' dir='ltr'><strong>illustrat.</strong></span> <span class='ocrx_word' id='word_1_362' title='bbox 1936 3238 2290 3309; x_wconf 83' lang='lat' dir='ltr'><strong>Hieronymus</strong></span> 
     </span>
    </p>
   </div>
   <div class='ocr_carea' id='block_1_53' title="bbox 714 3328 2288 3397">
    <p class='ocr_par' dir='ltr' id='par_1_53' title="bbox 714 3328 2288 3397">
     <span class='ocr_line' id='line_1_54' title="bbox 714 3328 2288 3397; baseline -0.001 -12"><span class='ocrx_word' id='word_1_363' title='bbox 714 3340 937 3386; x_wconf 82' lang='lat' dir='ltr'><strong>contra:</strong></span> <span class='ocrx_word' id='word_1_364' title='bbox 970 3328 1286 3396; x_wconf 78' lang='lat' dir='ltr'><strong>Quicumque</strong></span> <span class='ocrx_word' id='word_1_365' title='bbox 1317 3331 1601 3384; x_wconf 78' lang='lat' dir='ltr'><strong>accendunt</strong></span> <span class='ocrx_word' id='word_1_366' title='bbox 1640 3345 1809 3383; x_wconf 85' lang='lat' dir='ltr'><strong>cereos</strong></span> <span class='ocrx_word' id='word_1_367' title='bbox 1838 3330 2115 3383; x_wconf 86' lang='lat' dir='ltr'><strong>secundum</strong></span> <span class='ocrx_word' id='word_1_368' title='bbox 2134 3328 2288 3397; x_wconf 84' lang='lat' dir='ltr'><strong>fidem</strong></span> 
     </span>
    </p>
   </div>
   <div class='ocr_carea' id='block_1_54' title="bbox 718 3416 2290 3487">
    <p class='ocr_par' dir='ltr' id='par_1_54' title="bbox 718 3416 2290 3487">
     <span class='ocr_line' id='line_1_55' title="bbox 718 3416 2290 3487; baseline 0 -16"><span class='ocrx_word' id='word_1_369' title='bbox 718 3436 878 3487; x_wconf 69' lang='lat' dir='ltr'><strong>suam,</strong></span> <span class='ocrx_word' id='word_1_370' title='bbox 910 3420 1091 3475; x_wconf 78' lang='lat' dir='ltr'><strong>habent</strong></span> <span class='ocrx_word' id='word_1_371' title='bbox 1110 3416 1530 3475; x_wconf 71' lang='lat' dir='ltr'><strong>mercedem...Et</strong></span> <span class='ocrx_word' id='word_1_372' title='bbox 1558 3418 1683 3485; x_wconf 87' lang='lat' dir='ltr'><strong>quia</strong></span> <span class='ocrx_word' id='word_1_373' title='bbox 1718 3417 1977 3486; x_wconf 81' lang='lat' dir='ltr'><strong>quondam</strong></span> <span class='ocrx_word' id='word_1_374' title='bbox 2002 3417 2290 3472; x_wconf 82' lang='lat' dir='ltr'><strong>colebamus</strong></span> 
     </span>
    </p>
   </div>
   <div class='ocr_carea' id='block_1_55' title="bbox 712 3506 2291 3577">
    <p class='ocr_par' dir='ltr' id='par_1_55' title="bbox 712 3506 2291 3577">
     <span class='ocr_line' id='line_1_56' title="bbox 712 3506 2291 3577; baseline -0.002 -13"><span class='ocrx_word' id='word_1_375' title='bbox 712 3511 876 3577; x_wconf 86' lang='lat' dir='ltr'><strong>idola,</strong></span> <span class='ocrx_word' id='word_1_376' title='bbox 905 3525 1025 3563; x_wconf 81' lang='lat' dir='ltr'><strong>num</strong></span> <span class='ocrx_word' id='word_1_377' title='bbox 1064 3508 1233 3563; x_wconf 88' lang='lat' dir='ltr'><strong>colere</strong></span> <span class='ocrx_word' id='word_1_378' title='bbox 1257 3508 1423 3563; x_wconf 91' lang='lat' dir='ltr'><strong>Deum</strong></span> <span class='ocrx_word' id='word_1_379' title='bbox 1462 3524 1563 3561; x_wconf 88' lang='lat' dir='ltr'><strong>non</strong></span> <span class='ocrx_word' id='word_1_380' title='bbox 1588 3508 1828 3561; x_wconf 85' lang='lat' dir='ltr'><strong>debemus</strong></span> <span class='ocrx_word' id='word_1_381' title='bbox 1846 3547 1863 3572; x_wconf 95' lang='lat'><strong>,</strong></span> <span class='ocrx_word' id='word_1_382' title='bbox 1891 3523 1954 3560; x_wconf 88' lang='lat' dir='ltr'><strong>ne</strong></span> <span class='ocrx_word' id='word_1_383' title='bbox 1978 3506 2132 3560; x_wconf 85' lang='lat' dir='ltr'><strong>simili</strong></span> <span class='ocrx_word' id='word_1_384' title='bbox 2175 3523 2291 3561; x_wconf 87' lang='lat' dir='ltr'><strong>eum</strong></span> 
     </span>
    </p>
   </div>
   <div class='ocr_carea' id='block_1_56' title="bbox 714 3596 2287 3669">
    <p class='ocr_par' dir='ltr' id='par_1_56' title="bbox 714 3596 2287 3669">
     <span class='ocr_line' id='line_1_57' title="bbox 714 3596 2287 3669; baseline -0.002 -14"><span class='ocrx_word' id='word_1_385' title='bbox 714 3600 975 3655; x_wconf 73' lang='lat' dir='ltr'><strong>videamur</strong></span> <span class='ocrx_word' id='word_1_386' title='bbox 992 3616 1105 3654; x_wconf 87' lang='lat' dir='ltr'><strong>cum</strong></span> <span class='ocrx_word' id='word_1_387' title='bbox 1129 3599 1281 3654; x_wconf 87' lang='lat' dir='ltr'><strong>idolis</strong></span> <span class='ocrx_word' id='word_1_388' title='bbox 1302 3599 1492 3655; x_wconf 88' lang='lat' dir='ltr'><strong>honore</strong></span> <span class='ocrx_word' id='word_1_389' title='bbox 1508 3598 1737 3653; x_wconf 75' lang='lat' dir='ltr'><strong>venerari</strong></span> <span class='ocrx_word' id='word_1_390' title='bbox 1748 3600 1774 3652; x_wconf 77' lang='lat'><em>7</em></span> <span class='ocrx_word' id='word_1_391' title='bbox 1792 3599 1926 3652; x_wconf 87' lang='lat' dir='ltr'><strong>illud</strong></span> <span class='ocrx_word' id='word_1_392' title='bbox 1944 3597 2096 3666; x_wconf 83' lang='lat' dir='ltr'><strong>ﬁebat</strong></span> <span class='ocrx_word' id='word_1_393' title='bbox 2116 3596 2287 3669; x_wconf 77' lang='lat' dir='ltr'><strong>idolis,</strong></span> 
     </span>
    </p>
   </div>
   <div class='ocr_carea' id='block_1_57' title="bbox 713 3688 2292 3759">
    <p class='ocr_par' dir='ltr' id='par_1_57' title="bbox 713 3688 2292 3759">
     <span class='ocr_line' id='line_1_58' title="bbox 713 3688 2292 3759; baseline -0.003 -13"><span class='ocrx_word' id='word_1_394' title='bbox 713 3700 762 3746; x_wconf 85' lang='lat' dir='ltr'><strong>et</strong></span> <span class='ocrx_word' id='word_1_395' title='bbox 788 3690 981 3745; x_wconf 78' lang='lat' dir='ltr'><strong>idcirco</strong></span> <span class='ocrx_word' id='word_1_396' title='bbox 1009 3690 1359 3744; x_wconf 85' lang='lat' dir='ltr'><strong>detestandum</strong></span> <span class='ocrx_word' id='word_1_397' title='bbox 1403 3698 1515 3754; x_wconf 83' lang='lat' dir='ltr'><strong>sst;</strong></span> <span class='ocrx_word' id='word_1_398' title='bbox 1539 3690 1635 3742; x_wconf 87' lang='lat' dir='ltr'><strong>hoc</strong></span> <span class='ocrx_word' id='word_1_399' title='bbox 1678 3689 1738 3757; x_wconf 77' lang='lat' dir='ltr'><strong>fit</strong></span> <span class='ocrx_word' id='word_1_400' title='bbox 1766 3688 2094 3759; x_wconf 71' lang='lat' dir='ltr'><strong>martyribus,</strong></span> <span class='ocrx_word' id='word_1_401' title='bbox 2126 3699 2173 3742; x_wconf 89' lang='lat' dir='ltr'><strong>et</strong></span> <span class='ocrx_word' id='word_1_402' title='bbox 2209 3689 2292 3742; x_wconf 87' lang='lat' dir='ltr'><strong>id-</strong></span> 
     </span>
    </p>
   </div>
   <div class='ocr_carea' id='block_1_58' title="bbox 712 3777 2291 3848">
    <p class='ocr_par' dir='ltr' id='par_1_58' title="bbox 712 3777 2291 3848">
     <span class='ocr_line' id='line_1_59' title="bbox 712 3777 2291 3848; baseline -0.003 -12"><span class='ocrx_word' id='word_1_403' title='bbox 712 3782 847 3836; x_wconf 79' lang='lat' dir='ltr'><strong>circo</strong></span> <span class='ocrx_word' id='word_1_404' title='bbox 868 3778 1216 3848; x_wconf 83' lang='lat' dir='ltr'><strong>recipiendum</strong></span> <span class='ocrx_word' id='word_1_405' title='bbox 1240 3789 1335 3833; x_wconf 89' lang='lat' dir='ltr'><strong>est.</strong></span> <span class='ocrx_word' id='word_1_406' title='bbox 1364 3777 1498 3834; x_wconf 84' lang='lat' dir='ltr'><strong>Vide</strong></span> <span class='ocrx_word' id='word_1_407' title='bbox 1523 3780 1681 3848; x_wconf 88' lang='lat' dir='ltr'><strong>epist.</strong></span> <span class='ocrx_word' id='word_1_408' title='bbox 1711 3778 1777 3832; x_wconf 86' lang='lat' dir='ltr'><strong>ad</strong></span> <span class='ocrx_word' id='word_1_409' title='bbox 1804 3778 2075 3848; x_wconf 82' lang='lat' dir='ltr'><strong>Ripar.,et</strong></span> <span class='ocrx_word' id='word_1_410' title='bbox 2100 3778 2291 3834; x_wconf 84' lang='lat' dir='ltr'><strong>adver-</strong></span> 
     </span>
    </p>
   </div>
   <div class='ocr_carea' id='block_1_59' title="bbox 711 3868 2285 3941">
    <p class='ocr_par' dir='ltr' id='par_1_59' title="bbox 711 3868 2285 3941">
     <span class='ocr_line' id='line_1_60' title="bbox 711 3868 2285 3941; baseline -0.003 -14"><span class='ocrx_word' id='word_1_411' title='bbox 711 3886 802 3928; x_wconf 79' lang='lat' dir='ltr'><strong>sus</strong></span> <span class='ocrx_word' id='word_1_412' title='bbox 828 3870 1082 3940; x_wconf 80' lang='lat' dir='ltr'><strong>Vigilant.</strong></span> <span class='ocrx_word' id='word_1_413' title='bbox 1114 3869 1175 3926; x_wconf 88' lang='lat' dir='ltr'><strong>S.</strong></span> <span class='ocrx_word' id='word_1_414' title='bbox 1196 3869 1524 3941; x_wconf 81' lang='lat' dir='ltr'><strong>Augustinus</strong></span> <span class='ocrx_word' id='word_1_415' title='bbox 1552 3868 1648 3925; x_wconf 89' lang='lat' dir='ltr'><strong>lib.</strong></span> <span class='ocrx_word' id='word_1_416' title='bbox 1674 3885 1769 3924; x_wconf 72' lang='lat' dir='ltr'><strong>ut</strong></span> <span class='ocrx_word' id='word_1_417' title='bbox 1797 3880 1980 3925; x_wconf 88' lang='lat' dir='ltr'><strong>contra</strong></span> <span class='ocrx_word' id='word_1_418' title='bbox 2009 3869 2285 3937; x_wconf 87' lang='lat' dir='ltr'><strong>Faustum,</strong></span> 
     </span>
    </p>
   </div>
   <div class='ocr_carea' id='block_1_60' title="bbox 712 3948 2289 4033">
    <p class='ocr_par' dir='ltr' id='par_1_60' title="bbox 712 3948 2289 4033">
     <span class='ocr_line' id='line_1_61' title="bbox 712 3948 2289 4033; baseline 0 -18"><span class='ocrx_word' id='word_1_419' title='bbox 712 3979 834 4033; x_wconf 74' lang='lat' dir='ltr'><strong>cap.</strong></span> <span class='ocrx_word' id='word_1_420' title='bbox 863 3965 932 4019; x_wconf 79' lang='lat' dir='ltr'><strong>lt)</strong></span> <span class='ocrx_word' id='word_1_421' title='bbox 962 3978 977 4016; x_wconf 89' lang='lat'><strong>:</strong></span> <span class='ocrx_word' id='word_1_422' title='bbox 1007 3960 1155 4018; x_wconf 87' lang='lat' dir='ltr'><strong>Sicut</strong></span> <span class='ocrx_word' id='word_1_423' title='bbox 1187 3948 1357 4015; x_wconf 84' lang='lat' dir='ltr'><strong>autem</strong></span> <span class='ocrx_word' id='word_1_424' title='bbox 1384 3975 1484 4015; x_wconf 85' lang='lat' dir='ltr'><strong>non</strong></span> <span class='ocrx_word' id='word_1_425' title='bbox 1512 3959 1630 4015; x_wconf 90' lang='lat' dir='ltr'><strong>ideo</strong></span> <span class='ocrx_word' id='word_1_426' title='bbox 1654 3961 2025 4016; x_wconf 82' lang='lat' dir='ltr'><strong>contemnenda</strong></span> <span class='ocrx_word' id='word_1_427' title='bbox 2047 3959 2125 4015; x_wconf 80' lang='lat' dir='ltr'><strong>uel</strong></span> <span class='ocrx_word' id='word_1_428' title='bbox 2150 3961 2289 4016; x_wconf 84' lang='lat' dir='ltr'><strong>dete-</strong></span> 
     </span>
    </p>
   </div>
   <div class='ocr_carea' id='block_1_61' title="bbox 713 4052 2291 4126">
    <p class='ocr_par' dir='ltr' id='par_1_61' title="bbox 713 4052 2291 4126">
     <span class='ocr_line' id='line_1_62' title="bbox 713 4052 2291 4126; baseline -0.003 -13"><span class='ocrx_word' id='word_1_429' title='bbox 713 4057 897 4113; x_wconf 90' lang='lat' dir='ltr'><strong>standa</strong></span> <span class='ocrx_word' id='word_1_430' title='bbox 915 4055 1185 4126; x_wconf 75' lang='lat' dir='ltr'><strong>uirginitas</strong></span> <span class='ocrx_word' id='word_1_431' title='bbox 1211 4062 1283 4108; x_wconf 84' lang='lat' dir='ltr'><strong>est</strong></span> <span class='ocrx_word' id='word_1_432' title='bbox 1326 4052 1793 4107; x_wconf 83' lang='lat' dir='ltr'><strong>sanctimonialium</strong></span> <span class='ocrx_word' id='word_1_433' title='bbox 1818 4055 1940 4124; x_wconf 87' lang='lat' dir='ltr'><strong>quia</strong></span> <span class='ocrx_word' id='word_1_434' title='bbox 1965 4062 2016 4107; x_wconf 91' lang='lat' dir='ltr'><strong>et</strong></span> <span class='ocrx_word' id='word_1_435' title='bbox 2059 4052 2291 4109; x_wconf 82' lang='lat' dir='ltr'><strong>Vestales</strong></span> 
     </span>
    </p>
   </div>
   <div class='ocr_carea' id='block_1_62' title="bbox 715 4131 2291 4221">
    <p class='ocr_par' dir='ltr' id='par_1_62' title="bbox 715 4131 2291 4221">
     <span class='ocr_line' id='line_1_63' title="bbox 715 4131 2291 4221; baseline -0.003 -18"><span class='ocrx_word' id='word_1_436' title='bbox 715 4150 933 4221; x_wconf 65' lang='lat' dir='ltr'><strong>uirgines</strong></span> <span class='ocrx_word' id='word_1_437' title='bbox 954 4149 1178 4217; x_wconf 83' lang='lat' dir='ltr'><strong>fuerunt,</strong></span> <span class='ocrx_word' id='word_1_438' title='bbox 1203 4146 1278 4199; x_wconf 89' lang='lat' dir='ltr'><strong>sic</strong></span> <span class='ocrx_word' id='word_1_439' title='bbox 1320 4160 1424 4197; x_wconf 89' lang='lat' dir='ltr'><strong>non</strong></span> <span class='ocrx_word' id='word_1_440' title='bbox 1449 4144 1564 4198; x_wconf 89' lang='lat' dir='ltr'><strong>ideo</strong></span> <span class='ocrx_word' id='word_1_441' title='bbox 1591 4144 2011 4208; x_wconf 83' lang='lat' dir='ltr'><strong>reprehendenda</strong></span> <span class='ocrx_word' id='word_1_442' title='bbox 2037 4131 2291 4213; x_wconf 82' lang='lat' dir='ltr'><strong>sacrificia</strong></span> 
     </span>
    </p>
   </div>
   <div class='ocr_carea' id='block_1_63' title="bbox 713 4235 2293 4308">
    <p class='ocr_par' dir='ltr' id='par_1_63' title="bbox 713 4235 2293 4308">
     <span class='ocr_line' id='line_1_64' title="bbox 713 4235 2293 4308; baseline -0.003 -13"><span class='ocrx_word' id='word_1_443' title='bbox 713 4241 930 4295; x_wconf 80' lang='lat' dir='ltr'><strong>Patrum</strong></span> <span class='ocrx_word' id='word_1_444' title='bbox 949 4238 1074 4308; x_wconf 85' lang='lat' dir='ltr'><strong>quia</strong></span> <span class='ocrx_word' id='word_1_445' title='bbox 1092 4248 1213 4293; x_wconf 88' lang='lat' dir='ltr'><strong>sunt</strong></span> <span class='ocrx_word' id='word_1_446' title='bbox 1240 4245 1292 4291; x_wconf 86' lang='lat' dir='ltr'><strong>et</strong></span> <span class='ocrx_word' id='word_1_447' title='bbox 1312 4235 1568 4303; x_wconf 78' lang='lat' dir='ltr'><strong>sacrificia</strong></span> <span class='ocrx_word' id='word_1_448' title='bbox 1587 4237 1843 4307; x_wconf 86' lang='lat' dir='ltr'><strong>gentium;</strong></span> <span class='ocrx_word' id='word_1_449' title='bbox 1868 4239 1992 4307; x_wconf 68' lang='lat' dir='ltr'><strong>quia</strong></span> <span class='ocrx_word' id='word_1_450' title='bbox 2014 4238 2142 4292; x_wconf 85' lang='lat' dir='ltr'><strong>sicut</strong></span> <span class='ocrx_word' id='word_1_451' title='bbox 2160 4238 2293 4291; x_wconf 89' lang='lat' dir='ltr'><strong>inter</strong></span> 
     </span>
    </p>
   </div>
   <div class='ocr_carea' id='block_1_64' title="bbox 714 4325 2292 4400">
    <p class='ocr_par' dir='ltr' id='par_1_64' title="bbox 714 4325 2292 4400">
     <span class='ocr_line' id='line_1_65' title="bbox 714 4325 2292 4400; baseline -0.002 -16"><span class='ocrx_word' id='word_1_452' title='bbox 714 4332 833 4385; x_wconf 84' lang='lat' dir='ltr'><strong>illas</strong></span> <span class='ocrx_word' id='word_1_453' title='bbox 856 4328 1169 4400; x_wconf 80' lang='lat' dir='ltr'><strong>nirginitales</strong></span> <span class='ocrx_word' id='word_1_454' title='bbox 1215 4327 1434 4380; x_wconf 86' lang='lat' dir='ltr'><strong>multum</strong></span> <span class='ocrx_word' id='word_1_455' title='bbox 1479 4327 1666 4391; x_wconf 86' lang='lat' dir='ltr'><strong>distat,</strong></span> <span class='ocrx_word' id='word_1_456' title='bbox 1710 4328 1940 4396; x_wconf 85' lang='lat' dir='ltr'><strong>quamvis</strong></span> <span class='ocrx_word' id='word_1_457' title='bbox 1979 4325 2110 4381; x_wconf 82' lang='lat' dir='ltr'><strong>nihil</strong></span> <span class='ocrx_word' id='word_1_458' title='bbox 2148 4328 2292 4381; x_wconf 88' lang='lat' dir='ltr'><strong>aliud</strong></span> 
     </span>
    </p>
   </div>
   <div class='ocr_carea' id='block_1_65' title="bbox 712 4416 2293 4489">
    <p class='ocr_par' dir='ltr' id='par_1_65' title="bbox 712 4416 2293 4489">
     <span class='ocr_line' id='line_1_66' title="bbox 712 4416 2293 4489; baseline 0.001 -17"><span class='ocrx_word' id='word_1_459' title='bbox 712 4424 863 4475; x_wconf 81' lang='lat' dir='ltr'><strong>distet</strong></span> <span class='ocrx_word' id='word_1_460' title='bbox 890 4420 989 4475; x_wconf 84' lang='lat' dir='ltr'><strong>nisi</strong></span> <span class='ocrx_word' id='word_1_461' title='bbox 1014 4434 1129 4489; x_wconf 76' lang='lat' dir='ltr'><strong>qua:</strong></span> <span class='ocrx_word' id='word_1_462' title='bbox 1156 4418 1237 4472; x_wconf 86' lang='lat' dir='ltr'><strong>cui</strong></span> <span class='ocrx_word' id='word_1_463' title='bbox 1277 4425 1513 4471; x_wconf 77' lang='lat' dir='ltr'><strong>vereatur</strong></span> <span class='ocrx_word' id='word_1_464' title='bbox 1553 4427 1703 4485; x_wconf 89' lang='lat' dir='ltr'><strong>atque</strong></span> <span class='ocrx_word' id='word_1_465' title='bbox 1739 4416 2016 4486; x_wconf 87' lang='lat' dir='ltr'><strong>reddatur,</strong></span> <span class='ocrx_word' id='word_1_466' title='bbox 2048 4418 2122 4472; x_wconf 88' lang='lat' dir='ltr'><strong>sic</strong></span> <span class='ocrx_word' id='word_1_467' title='bbox 2156 4417 2293 4473; x_wconf 89' lang='lat' dir='ltr'><strong>inter</strong></span> 
     </span>
    </p>
   </div>
   <div class='ocr_carea' id='block_1_66' title="bbox 713 4507 2287 4581">
    <p class='ocr_par' dir='ltr' id='par_1_66' title="bbox 713 4507 2287 4581">
     <span class='ocr_line' id='line_1_67' title="bbox 713 4507 2287 4581; baseline 0 -17"><span class='ocrx_word' id='word_1_468' title='bbox 713 4511 965 4581; x_wconf 78' lang='lat' dir='ltr'><strong>sacriﬁcia</strong></span> <span class='ocrx_word' id='word_1_469' title='bbox 991 4524 1308 4581; x_wconf 78' lang='lat' dir='ltr'><strong>paganorum</strong></span> <span class='ocrx_word' id='word_1_470' title='bbox 1350 4516 1396 4562; x_wconf 89' lang='lat' dir='ltr'><strong>et</strong></span> <span class='ocrx_word' id='word_1_471' title='bbox 1423 4507 1759 4563; x_wconf 66' lang='lat' dir='ltr'><strong>Hebraeorum</strong></span> <span class='ocrx_word' id='word_1_472' title='bbox 1787 4510 2007 4563; x_wconf 87' lang='lat' dir='ltr'><strong>multum</strong></span> <span class='ocrx_word' id='word_1_473' title='bbox 2044 4509 2198 4564; x_wconf 88' lang='lat' dir='ltr'><strong>distat</strong></span> <span class='ocrx_word' id='word_1_474' title='bbox 2227 4526 2287 4564; x_wconf 91' lang='lat' dir='ltr'><strong>eo</strong></span> 
     </span>
    </p>
   </div>
   <div class='ocr_carea' id='block_1_67' title="bbox 713 4600 2285 4674">
    <p class='ocr_par' dir='ltr' id='par_1_67' title="bbox 713 4600 2285 4674">
     <span class='ocr_line' id='line_1_68' title="bbox 713 4600 2285 4674; baseline 0.001 -17"><span class='ocrx_word' id='word_1_475' title='bbox 713 4607 824 4673; x_wconf 88' lang='lat' dir='ltr'><strong>ipso</strong></span> <span class='ocrx_word' id='word_1_476' title='bbox 851 4604 987 4674; x_wconf 86' lang='lat' dir='ltr'><strong>quod</strong></span> <span class='ocrx_word' id='word_1_477' title='bbox 1033 4600 1130 4656; x_wconf 89' lang='lat' dir='ltr'><strong>hoc</strong></span> <span class='ocrx_word' id='word_1_478' title='bbox 1157 4602 1321 4656; x_wconf 82' lang='lat' dir='ltr'><strong>solum</strong></span> <span class='ocrx_word' id='word_1_479' title='bbox 1349 4602 1526 4666; x_wconf 86' lang='lat' dir='ltr'><strong>distat,</strong></span> <span class='ocrx_word' id='word_1_480' title='bbox 1555 4616 1669 4667; x_wconf 72' lang='lat' dir='ltr'><strong>qua!</strong></span> <span class='ocrx_word' id='word_1_481' title='bbox 1692 4602 1776 4654; x_wconf 85' lang='lat' dir='ltr'><strong>cui</strong></span> <span class='ocrx_word' id='word_1_482' title='bbox 1802 4601 1906 4655; x_wconf 88' lang='lat' dir='ltr'><strong>sint</strong></span> <span class='ocrx_word' id='word_1_483' title='bbox 1933 4603 2197 4656; x_wconf 88' lang='lat' dir='ltr'><strong>immolata</strong></span> <span class='ocrx_word' id='word_1_484' title='bbox 2240 4616 2285 4658; x_wconf 89' lang='lat' dir='ltr'><strong>et</strong></span> 
     </span>
    </p>
   </div>
   <div class='ocr_carea' id='block_1_68' title="bbox 712 4692 2283 4765">
    <p class='ocr_par' dir='ltr' id='par_1_68' title="bbox 712 4692 2283 4765">
     <span class='ocr_line' id='line_1_69' title="bbox 712 4692 2283 4765; baseline -0.003 -13"><span class='ocrx_word' id='word_1_485' title='bbox 712 4698 883 4752; x_wconf 89' lang='lat' dir='ltr'><strong>oblata</strong></span> <span class='ocrx_word' id='word_1_486' title='bbox 911 4709 933 4749; x_wconf 89' lang='lat'><strong><em>:</em></strong></span> <span class='ocrx_word' id='word_1_487' title='bbox 962 4692 1053 4748; x_wconf 89' lang='lat' dir='ltr'><strong>illa</strong></span> <span class='ocrx_word' id='word_1_488' title='bbox 1102 4692 1293 4747; x_wconf 67' lang='lat' dir='ltr'><strong>scilicet</strong></span> <span class='ocrx_word' id='word_1_489' title='bbox 1330 4692 1559 4762; x_wconf 73' lang='lat' dir='ltr'><strong>superba:</strong></span> <span class='ocrx_word' id='word_1_490' title='bbox 1607 4693 1856 4762; x_wconf 86' lang='lat' dir='ltr'><strong>intpietati</strong></span> <span class='ocrx_word' id='word_1_491' title='bbox 1898 4694 2283 4765; x_wconf 73' lang='lat' dir='ltr'><strong>dwmoniorum,</strong></span> 
     </span>
    </p>
   </div>
   <div class='ocr_carea' id='block_1_69' title="bbox 712 4783 1224 4840">
    <p class='ocr_par' dir='ltr' id='par_1_69' title="bbox 712 4783 1224 4840">
     <span class='ocr_line' id='line_1_70' title="bbox 712 4783 1224 4840; baseline -0.004 0"><span class='ocrx_word' id='word_1_492' title='bbox 712 4788 809 4840; x_wconf 70' lang='lat' dir='ltr'><strong>ista</strong></span> <span class='ocrx_word' id='word_1_493' title='bbox 834 4800 949 4839; x_wconf 71' lang='lat' dir='ltr'><strong>vero</strong></span> <span class='ocrx_word' id='word_1_494' title='bbox 974 4784 1066 4839; x_wconf 85' lang='lat' dir='ltr'><strong>uni</strong></span> <span class='ocrx_word' id='word_1_495' title='bbox 1098 4783 1224 4838; x_wconf 90' lang='lat' dir='ltr'><strong>Deo.</strong></span> 
     </span>
    </p>
   </div>
   <div class='ocr_carea' id='block_1_70' title="bbox 786 4871 2282 4943">
    <p class='ocr_par' dir='ltr' id='par_1_70' title="bbox 786 4871 2282 4943">
     <span class='ocr_line' id='line_1_71' title="bbox 786 4871 2282 4943; baseline 0 -13"><span class='ocrx_word' id='word_1_496' title='bbox 786 4872 907 4930; x_wconf 69' lang='grc'><strong>162.</strong></span> <span class='ocrx_word' id='word_1_497' title='bbox 943 4874 1125 4943; x_wconf 79' lang='lat' dir='ltr'><strong>Itaque</strong></span> <span class='ocrx_word' id='word_1_498' title='bbox 1158 4887 1280 4927; x_wconf 89' lang='lat' dir='ltr'><strong>cum</strong></span> <span class='ocrx_word' id='word_1_499' title='bbox 1311 4871 1364 4927; x_wconf 84' lang='lat' dir='ltr'><strong>in</strong></span> <span class='ocrx_word' id='word_1_500' title='bbox 1391 4871 1490 4929; x_wconf 82' lang='lat' dir='ltr'><strong>SS.</strong></span> <span class='ocrx_word' id='word_1_501' title='bbox 1527 4873 1775 4927; x_wconf 87' lang='lat' dir='ltr'><strong>Patribus</strong></span> <span class='ocrx_word' id='word_1_502' title='bbox 1804 4873 2046 4943; x_wconf 59' lang='lat' dir='ltr'><strong>quandam</strong></span> <span class='ocrx_word' id='word_1_503' title='bbox 2090 4889 2282 4930; x_wconf 76' lang='lat' dir='ltr'><strong>occur-</strong></span> 
     </span>
    </p>
   </div>
   <div class='ocr_carea' id='block_1_71' title="bbox 710 4966 2285 5038">
    <p class='ocr_par' dir='ltr' id='par_1_71' title="bbox 710 4966 2285 5038">
     <span class='ocr_line' id='line_1_72' title="bbox 710 4966 2285 5038; baseline 0 -14"><span class='ocrx_word' id='word_1_504' title='bbox 710 4977 838 5024; x_wconf 78' lang='lat' dir='ltr'><strong>tnnt</strong></span> <span class='ocrx_word' id='word_1_505' title='bbox 891 4969 1051 5022; x_wconf 85' lang='lat' dir='ltr'><strong>verba</strong></span> <span class='ocrx_word' id='word_1_506' title='bbox 1104 4967 1296 5027; x_wconf 83' lang='lat' dir='ltr'><strong>quibus</strong></span> <span class='ocrx_word' id='word_1_507' title='bbox 1345 4966 1599 5021; x_wconf 87' lang='lat' dir='ltr'><strong>universe</strong></span> <span class='ocrx_word' id='word_1_508' title='bbox 1655 4966 1790 5020; x_wconf 86' lang='lat' dir='ltr'><strong>ritus</strong></span> <span class='ocrx_word' id='word_1_509' title='bbox 1840 4968 2029 5037; x_wconf 85' lang='lat' dir='ltr'><strong>aliquis</strong></span> <span class='ocrx_word' id='word_1_510' title='bbox 2102 4983 2285 5038; x_wconf 83' lang='lat' dir='ltr'><strong>repro-</strong></span> 
     </span>
    </p>
   </div>
   <div class='ocr_carea' id='block_1_72' title="bbox 780 5096 2284 5171">
    <p class='ocr_par' dir='ltr' id='par_1_72' title="bbox 780 5096 2284 5171">
     <span class='ocr_line' id='line_1_73' title="bbox 780 5096 2284 5171; baseline 0.002 -17"><span class='ocrx_word' id='word_1_511' title='bbox 780 5099 857 5171; x_wconf 72' lang='grc' dir='ltr'><strong>(ε)</strong></span> <span class='ocrx_word' id='word_1_512' title='bbox 879 5096 1086 5171; x_wconf 55' lang='lat' dir='ltr'><strong>Paulini</strong></span> <span class='ocrx_word' id='word_1_513' title='bbox 1111 5096 1331 5171; x_wconf 71' lang='lat' dir='ltr'><strong>quidem</strong></span> <span class='ocrx_word' id='word_1_514' title='bbox 1356 5112 1508 5171; x_wconf 79' lang='lat' dir='ltr'><strong>m_ens</strong></span> <span class='ocrx_word' id='word_1_515' title='bbox 1534 5110 1717 5165; x_wconf 83' lang='lat' dir='ltr'><strong>aperte</strong></span> <span class='ocrx_word' id='word_1_516' title='bbox 1746 5100 2046 5155; x_wconf 83' lang='lat' dir='ltr'><strong>declaratur</strong></span> <span class='ocrx_word' id='word_1_517' title='bbox 2076 5103 2129 5156; x_wconf 87' lang='lat' dir='ltr'><strong>in</strong></span> <span class='ocrx_word' id='word_1_518' title='bbox 2163 5121 2284 5159; x_wconf 82' lang='lat' dir='ltr'><strong>vcr-</strong></span> 
     </span>
    </p>
   </div>
   <div class='ocr_carea' id='block_1_73' title="bbox 708 5166 2286 5240">
    <p class='ocr_par' dir='ltr' id='par_1_73' title="bbox 708 5166 2286 5240">
     <span class='ocr_line' id='line_1_74' title="bbox 708 5166 2286 5240; baseline 0.003 -17"><span class='ocrx_word' id='word_1_519' title='bbox 708 5166 855 5223; x_wconf 68' lang='lat' dir='ltr'><strong>silius</strong></span> <span class='ocrx_word' id='word_1_520' title='bbox 874 5168 1020 5222; x_wconf 89' lang='lat' dir='ltr'><strong>illico</strong></span> <span class='ocrx_word' id='word_1_521' title='bbox 1040 5166 1298 5240; x_wconf 59' lang='lat' dir='ltr'><strong>subjectis</strong></span> <span class='ocrx_word' id='word_1_522' title='bbox 1328 5184 1343 5220; x_wconf 88' lang='lat'><strong>:</strong></span> <span class='ocrx_word' id='word_1_523' title='bbox 1378 5167 1517 5240; x_wconf 56' lang='lat' dir='ltr'><strong>Ergo</strong></span> <span class='ocrx_word' id='word_1_524' title='bbox 1539 5172 1751 5234; x_wconf 84' lang='lat' dir='ltr'><strong>probant</strong></span> <span class='ocrx_word' id='word_1_525' title='bbox 1794 5173 1933 5234; x_wconf 86' lang='lat' dir='ltr'><strong>obiti,</strong></span> <span class='ocrx_word' id='word_1_526' title='bbox 1967 5174 2105 5240; x_wconf 83' lang='lat' dir='ltr'><strong>quod</strong></span> <span class='ocrx_word' id='word_1_527' title='bbox 2132 5177 2286 5229; x_wconf 79' lang='lat' dir='ltr'><strong>dam-</strong></span> 
     </span>
    </p>
   </div>
   <div class='ocr_carea' id='block_1_74' title="bbox 710 5235 2285 5315">
    <p class='ocr_par' dir='ltr' id='par_1_74' title="bbox 710 5235 2285 5315">
     <span class='ocr_line' id='line_1_75' title="bbox 710 5235 2285 5315; baseline 0.004 -24"><span class='ocrx_word' id='word_1_528' title='bbox 710 5254 890 5315; x_wconf 64' lang='lat' dir='ltr'><strong>imitere</strong></span> <span class='ocrx_word' id='word_1_529' title='bbox 912 5238 1141 5315; x_wconf 64' lang='lat' dir='ltr'><strong>plagistri</strong></span> <span class='ocrx_word' id='word_1_530' title='bbox 1200 5235 1380 5315; x_wconf 88' lang='lat' dir='ltr'><strong>ensa</strong></span> <span class='ocrx_word' id='word_1_531' title='bbox 1393 5235 1560 5315; x_wconf 34' lang='lat' dir='ltr'><strong>Petri;</strong></span> <span class='ocrx_word' id='word_1_532' title='bbox 1562 5242 1661 5291; x_wconf 85' lang='lat' dir='ltr'><strong>reci</strong></span> <span class='ocrx_word' id='word_1_533' title='bbox 1670 5240 1762 5315; x_wconf 78' lang='lat' dir='ltr'><strong>pit,</strong></span> <span class='ocrx_word' id='word_1_534' title='bbox 1781 5235 2073 5315; x_wconf 18' lang='lat' dir='ltr'><strong>quodAPctri</strong></span> <span class='ocrx_word' id='word_1_535' title='bbox 2095 5246 2285 5315; x_wconf 81' lang='lat' dir='ltr'><strong>dogma</strong></span> 
     </span>
    </p>
   </div>
   <div class='ocr_carea' id='block_1_75' title="bbox 708 5295 2283 5375">
    <p class='ocr_par' dir='ltr' id='par_1_75' title="bbox 708 5295 2283 5375">
     <span class='ocr_line' id='line_1_76' title="bbox 708 5295 2283 5375; baseline 0.007 -17"><span class='ocrx_word' id='word_1_536' title='bbox 708 5310 932 5375; x_wconf 75' lang='lat' dir='ltr'><strong>refutat?</strong></span> <span class='ocrx_word' id='word_1_537' title='bbox 964 5295 1312 5375; x_wconf 36' lang='lat' dir='ltr'><strong>Unuslubique</strong></span> <span class='ocrx_word' id='word_1_538' title='bbox 1353 5309 1488 5361; x_wconf 75' lang='lat' dir='ltr'><strong>calix</strong></span> <span class='ocrx_word' id='word_1_539' title='bbox 1525 5295 1828 5371; x_wconf 28' lang='lat' dir='ltr'><strong>Domi&#39;in‘Je&#39;t</strong></span> <span class='ocrx_word' id='word_1_540' title='bbox 1867 5313 2007 5364; x_wconf 84' lang='lat' dir='ltr'><strong>cibus</strong></span> <span class='ocrx_word' id='word_1_541' title='bbox 2036 5295 2191 5375; x_wconf 46' lang='lat' dir='ltr'><strong>unus”,</strong></span> 
     </span>
    </p>
   </div>
   <div class='ocr_carea' id='block_1_76' title="bbox 713 5366 2281 5449">
    <p class='ocr_par' dir='ltr' id='par_1_76' title="bbox 713 5366 2281 5449">
     <span class='ocr_line' id='line_1_77' title="bbox 713 5366 2281 5449; baseline 0.006 -21"><span class='ocrx_word' id='word_1_542' title='bbox 713 5366 815 5428; x_wconf 68' lang='lat' dir='ltr'><strong>una</strong></span> <span class='ocrx_word' id='word_1_543' title='bbox 863 5366 1365 5445; x_wconf 49' lang='lat' dir='ltr'><strong>Mettswﬂontusque</strong></span> <span class='ocrx_word' id='word_1_544' title='bbox 1415 5377 1526 5430; x_wconf 69' lang='lat' dir='ltr'><strong>Dei.</strong></span> <span class='ocrx_word' id='word_1_545' title='bbox 1566 5366 1845 5433; x_wconf 81' lang='lat' dir='ltr'><strong>Divcmlant</strong></span> <span class='ocrx_word' id='word_1_546' title='bbox 1880 5384 1995 5436; x_wconf 81' lang='lat' dir='ltr'><strong>uina</strong></span> <span class='ocrx_word' id='word_1_547' title='bbox 2028 5366 2281 5449; x_wconf 51' lang='lat' dir='ltr'><strong>tabernis:-</strong></span> 
     </span>
    </p>
   </div>
   <div class='ocr_carea' id='block_1_77' title="bbox 714 5449 2277 5515">
    <p class='ocr_par' dir='ltr' id='par_1_77' title="bbox 714 5449 2277 5515">
     <span class='ocr_line' id='line_1_78' title="bbox 714 5449 2277 5515; baseline 0.006 -18"><span class='ocrx_word' id='word_1_548' title='bbox 714 5449 903 5498; x_wconf 58' lang='grc' dir='ltr'><strong>κωπίω</strong></span> <span class='ocrx_word' id='word_1_549' title='bbox 930 5462 1129 5513; x_wconf 84' lang='lat' dir='ltr'><strong>precum</strong></span> <span class='ocrx_word' id='word_1_550' title='bbox 1153 5450 1331 5499; x_wconf 78' lang='lat' dir='ltr'><strong>domus</strong></span> <span class='ocrx_word' id='word_1_551' title='bbox 1354 5457 1424 5498; x_wconf 78' lang='lat' dir='ltr'><strong>est</strong></span> <span class='ocrx_word' id='word_1_552' title='bbox 1452 5450 1660 5501; x_wconf 73' lang='lat' dir='ltr'><strong>ecclesia</strong></span> <span class='ocrx_word' id='word_1_553' title='bbox 1692 5465 1709 5500; x_wconf 87' lang='lat'><strong><em>:</em></strong></span> <span class='ocrx_word' id='word_1_554' title='bbox 1735 5452 1854 5505; x_wconf 83' lang='lat' dir='ltr'><strong>cede</strong></span> <span class='ocrx_word' id='word_1_555' title='bbox 1881 5457 2093 5515; x_wconf 77' lang='lat' dir='ltr'><strong>sacratis</strong></span> <span class='ocrx_word' id='word_1_556' title='bbox 2119 5455 2277 5507; x_wconf 80' lang='lat' dir='ltr'><strong>Limi-</strong></span> 
     </span>
    </p>
   </div>
   <div class='ocr_carea' id='block_1_78' title="bbox 710 5517 2277 5589">
    <p class='ocr_par' dir='ltr' id='par_1_78' title="bbox 710 5517 2277 5589">
     <span class='ocr_line' id='line_1_79' title="bbox 710 5517 2277 5589; baseline 0.006 -22"><span class='ocrx_word' id='word_1_557' title='bbox 710 5518 878 5575; x_wconf 80' lang='lat' dir='ltr'><strong>wbtts,</strong></span> <span class='ocrx_word' id='word_1_558' title='bbox 898 5532 1100 5589; x_wconf 80' lang='lat' dir='ltr'><strong>serpens</strong></span> <span class='ocrx_word' id='word_1_559' title='bbox 1121 5532 1145 5589; x_wconf 73' lang='lat'><strong>:_</strong></span> <span class='ocrx_word' id='word_1_560' title='bbox 1171 5532 1273 5589; x_wconf 80' lang='lat' dir='ltr'><strong>non</strong></span> <span class='ocrx_word' id='word_1_561' title='bbox 1304 5517 1397 5568; x_wconf 90' lang='lat' dir='ltr'><strong>hac</strong></span> <span class='ocrx_word' id='word_1_562' title='bbox 1442 5520 1576 5569; x_wconf 77' lang='lat' dir='ltr'><strong>male</strong></span> <span class='ocrx_word' id='word_1_563' title='bbox 1607 5519 1758 5572; x_wconf 74' lang='lat' dir='ltr'><strong>ludus</strong></span> <span class='ocrx_word' id='word_1_564' title='bbox 1784 5521 1833 5571; x_wconf 82' lang='lat' dir='ltr'><strong>in</strong></span> <span class='ocrx_word' id='word_1_565' title='bbox 1864 5524 1987 5575; x_wconf 79' lang='lat' dir='ltr'><strong>aula</strong></span> <span class='ocrx_word' id='word_1_566' title='bbox 2037 5522 2277 5589; x_wconf 76' lang='lat' dir='ltr'><strong>Debetur,</strong></span> 
     </span>
    </p>
   </div>
   <div class='ocr_carea' id='block_1_79' title="bbox 710 5586 2289 5653">
    <p class='ocr_par' dir='ltr' id='par_1_79' title="bbox 710 5586 2289 5653">
     <span class='ocr_line' id='line_1_80' title="bbox 710 5586 2289 5653; baseline 0.008 -18"><span class='ocrx_word' id='word_1_567' title='bbox 710 5589 796 5635; x_wconf 77' lang='lat' dir='ltr'><strong>ml</strong></span> <span class='ocrx_word' id='word_1_568' title='bbox 824 5601 966 5649; x_wconf 71' lang='lat' dir='ltr'><strong>pruna</strong></span> <span class='ocrx_word' id='word_1_569' title='bbox 994 5586 1100 5635; x_wconf 82' lang='lat' dir='ltr'><strong>tibi.</strong></span> <span class='ocrx_word' id='word_1_570' title='bbox 1134 5586 1255 5637; x_wconf 80' lang='lat' dir='ltr'><strong>Inde</strong></span> <span class='ocrx_word' id='word_1_571' title='bbox 1282 5601 1341 5638; x_wconf 87' lang='lat' dir='ltr'><strong>se</strong></span> <span class='ocrx_word' id='word_1_572' title='bbox 1363 5598 1657 5653; x_wconf 82' lang='lat' dir='ltr'><strong>permotum</strong></span> <span class='ocrx_word' id='word_1_573' title='bbox 1689 5590 1759 5641; x_wconf 83' lang='lat' dir='ltr'><strong>ait</strong></span> <span class='ocrx_word' id='word_1_574' title='bbox 1796 5592 1898 5643; x_wconf 77' lang='lat' dir='ltr'><strong>Pan</strong></span> <span class='ocrx_word' id='word_1_575' title='bbox 1928 5594 2044 5645; x_wconf 74' lang='lat' dir='ltr'><strong>inus</strong></span> <span class='ocrx_word' id='word_1_576' title='bbox 2074 5595 2137 5645; x_wconf 86' lang='lat' dir='ltr'><strong>ad</strong></span> <span class='ocrx_word' id='word_1_577' title='bbox 2196 5586 2289 5649; x_wconf 57' lang='lat' dir='ltr'><strong>ccl-</strong></span> 
     </span>
    </p>
   </div>
   <div class='ocr_carea' id='block_1_80' title="bbox 712 5653 2284 5729">
    <p class='ocr_par' dir='ltr' id='par_1_80' title="bbox 712 5653 2284 5729">
     <span class='ocr_line' id='line_1_81' title="bbox 712 5653 2284 5729; baseline 0.01 -27"><span class='ocrx_word' id='word_1_578' title='bbox 712 5656 924 5729; x_wconf 68' lang='lat' dir='ltr'><strong>i-lirsiutn</strong></span> <span class='ocrx_word' id='word_1_579' title='bbox 960 5653 1179 5729; x_wconf 82' lang='lat' dir='ltr'><strong>picturis</strong></span> <span class='ocrx_word' id='word_1_580' title='bbox 1206 5655 1515 5719; x_wconf 74' lang='lat' dir='ltr'><strong>ornandum,</strong></span> <span class='ocrx_word' id='word_1_581' title='bbox 1538 5670 1603 5729; x_wconf 77' lang='lat' dir='ltr'><strong>ut</strong></span> <span class='ocrx_word' id='word_1_582' title='bbox 1646 5662 1893 5724; x_wconf 50' lang='lat' dir='ltr'><strong>populum</strong></span> <span class='ocrx_word' id='word_1_583' title='bbox 1929 5664 1991 5713; x_wconf 79' lang='lat' dir='ltr'><strong>alt</strong></span> <span class='ocrx_word' id='word_1_584' title='bbox 2019 5664 2191 5729; x_wconf 72' lang='lat' dir='ltr'><strong>epulis</strong></span> <span class='ocrx_word' id='word_1_585' title='bbox 2218 5664 2284 5717; x_wconf 78' lang='lat' dir='ltr'><strong>ad</strong></span> 
     </span>
    </p>
   </div>
   <div class='ocr_carea' id='block_1_81' title="bbox 715 5723 2282 5798">
    <p class='ocr_par' dir='ltr' id='par_1_81' title="bbox 715 5723 2282 5798">
     <span class='ocr_line' id='line_1_82' title="bbox 715 5723 2282 5798; baseline 0.008 -27"><span class='ocrx_word' id='word_1_586' title='bbox 715 5724 823 5798; x_wconf 62' lang='lat' dir='ltr'><strong>lucc</strong></span> <span class='ocrx_word' id='word_1_587' title='bbox 852 5723 1149 5798; x_wconf 60' lang='lat' dir='ltr'><strong>spectacula</strong></span> <span class='ocrx_word' id='word_1_588' title='bbox 1177 5735 1473 5798; x_wconf 51' lang='lat' dir='ltr'><strong>revocaret.</strong></span> <span class='ocrx_word' id='word_1_589' title='bbox 1535 5728 1607 5777; x_wconf 72' lang='lat' dir='ltr'><strong>De</strong></span> <span class='ocrx_word' id='word_1_590' title='bbox 1648 5723 1962 5795; x_wconf 75' lang='lat' dir='ltr'><strong>liujnsnimli</strong></span> <span class='ocrx_word' id='word_1_591' title='bbox 2004 5723 2173 5798; x_wconf 68' lang='lat' dir='ltr'><strong>epulis</strong></span> <span class='ocrx_word' id='word_1_592' title='bbox 2204 5736 2282 5786; x_wconf 80' lang='lat' dir='ltr'><strong>ln-</strong></span> 
     </span>
    </p>
   </div>
   <div class='ocr_carea' id='block_1_82' title="bbox 713 5791 2283 5863">
    <p class='ocr_par' dir='ltr' id='par_1_82' title="bbox 713 5791 2283 5863">
     <span class='ocr_line' id='line_1_83' title="bbox 713 5791 2283 5863; baseline 0.011 -24"><span class='ocrx_word' id='word_1_593' title='bbox 713 5792 887 5861; x_wconf 81' lang='lat' dir='ltr'><strong>quitur</strong></span> <span class='ocrx_word' id='word_1_594' title='bbox 908 5792 966 5845; x_wconf 82' lang='lat' dir='ltr'><strong>S.</strong></span> <span class='ocrx_word' id='word_1_595' title='bbox 996 5791 1323 5861; x_wconf 75' lang='lat' dir='ltr'><strong>AuguStlnus</strong></span> <span class='ocrx_word' id='word_1_596' title='bbox 1354 5794 1443 5848; x_wconf 84' lang='lat' dir='ltr'><strong>lib.</strong></span> <span class='ocrx_word' id='word_1_597' title='bbox 1472 5811 1519 5848; x_wconf 72' lang='grc' dir='ltr'><strong>γι</strong></span> <span class='ocrx_word' id='word_1_598' title='bbox 1554 5797 1703 5851; x_wconf 77' lang='lat' dir='ltr'><strong>(lout.</strong></span> <span class='ocrx_word' id='word_1_599' title='bbox 1730 5791 1849 5863; x_wconf 73' lang='lat' dir='ltr'><strong>cap.</strong></span> <span class='ocrx_word' id='word_1_600' title='bbox 1881 5803 1934 5862; x_wconf 64' lang='grc' dir='ltr'><strong>τε,</strong></span> <span class='ocrx_word' id='word_1_601' title='bbox 1969 5791 2055 5857; x_wconf 81' lang='lat' dir='ltr'><strong>ubi</strong></span> <span class='ocrx_word' id='word_1_602' title='bbox 2108 5805 2173 5859; x_wconf 83' lang='lat' dir='ltr'><strong>de</strong></span> <span class='ocrx_word' id='word_1_603' title='bbox 2222 5805 2283 5857; x_wconf 85' lang='grc' dir='ltr'><strong>Β.</strong></span> 
     </span>
    </p>
   </div>
   <div class='ocr_carea' id='block_1_83' title="bbox 2400 1962 3990 2039">
    <p class='ocr_par' dir='ltr' id='par_1_83' title="bbox 2400 1962 3990 2039">
     <span class='ocr_line' id='line_1_84' title="bbox 2400 1962 3990 2039; baseline 0.006 -21"><span class='ocrx_word' id='word_1_604' title='bbox 2400 1972 2490 2018; x_wconf 82' lang='lat' dir='ltr'><strong>aut</strong></span> <span class='ocrx_word' id='word_1_605' title='bbox 2514 1962 2671 2037; x_wconf 75' lang='lat'><strong>139</strong></span> <span class='ocrx_word' id='word_1_606' title='bbox 2684 1967 3022 2023; x_wconf 81' lang='lat' dir='ltr'><strong>esurientibus</strong></span> <span class='ocrx_word' id='word_1_607' title='bbox 3034 1985 3165 2039; x_wconf 85' lang='lat' dir='ltr'><strong>opus</strong></span> <span class='ocrx_word' id='word_1_608' title='bbox 3178 1978 3254 2024; x_wconf 90' lang='lat' dir='ltr'><strong>est</strong></span> <span class='ocrx_word' id='word_1_609' title='bbox 3275 1972 3408 2039; x_wconf 89' lang='lat' dir='ltr'><strong>cibo,</strong></span> <span class='ocrx_word' id='word_1_610' title='bbox 3421 1980 3512 2026; x_wconf 85' lang='lat' dir='ltr'><strong>aut</strong></span> <span class='ocrx_word' id='word_1_611' title='bbox 3533 1972 3819 2029; x_wconf 81' lang='lat' dir='ltr'><strong>sitientibus</strong></span> <span class='ocrx_word' id='word_1_612' title='bbox 3844 1983 3990 2039; x_wconf 75' lang='lat' dir='ltr'><strong>potu,</strong></span> 
     </span>
    </p>
   </div>
   <div class='ocr_carea' id='block_1_84' title="bbox 2398 2056 3985 2131">
    <p class='ocr_par' dir='ltr' id='par_1_84' title="bbox 2398 2056 3985 2131">
     <span class='ocr_line' id='line_1_85' title="bbox 2398 2056 3985 2131; baseline 0.006 -23"><span class='ocrx_word' id='word_1_613' title='bbox 2398 2065 2490 2109; x_wconf 88' lang='lat' dir='ltr'><strong>aut</strong></span> <span class='ocrx_word' id='word_1_614' title='bbox 2516 2066 2647 2110; x_wconf 80' lang='lat' dir='ltr'><strong>reste</strong></span> <span class='ocrx_word' id='word_1_615' title='bbox 2690 2056 2991 2128; x_wconf 83' lang='lat' dir='ltr'><strong>algentibus,</strong></span> <span class='ocrx_word' id='word_1_616' title='bbox 3018 2067 3128 2124; x_wconf 90' lang='lat' dir='ltr'><strong>aut,</strong></span> <span class='ocrx_word' id='word_1_617' title='bbox 3158 2076 3276 2114; x_wconf 89' lang='lat' dir='ltr'><strong>cum</strong></span> <span class='ocrx_word' id='word_1_618' title='bbox 3313 2063 3394 2116; x_wconf 89' lang='lat' dir='ltr'><strong>sol</strong></span> <span class='ocrx_word' id='word_1_619' title='bbox 3434 2062 3728 2131; x_wconf 83' lang='lat' dir='ltr'><strong>decesserit,</strong></span> <span class='ocrx_word' id='word_1_620' title='bbox 3770 2064 3985 2129; x_wconf 82' lang='lat' dir='ltr'><strong>lumine,</strong></span> 
     </span>
    </p>
   </div>
   <div class='ocr_carea' id='block_1_85' title="bbox 2400 2148 3992 2225">
    <p class='ocr_par' dir='ltr' id='par_1_85' title="bbox 2400 2148 3992 2225">
     <span class='ocr_line' id='line_1_86' title="bbox 2400 2148 3992 2225; baseline 0.007 -24"><span class='ocrx_word' id='word_1_621' title='bbox 2400 2155 2460 2201; x_wconf 88' lang='lat' dir='ltr'><strong>ut</strong></span> <span class='ocrx_word' id='word_1_622' title='bbox 2486 2148 2657 2202; x_wconf 77' lang='lat' dir='ltr'><strong>uidere</strong></span> <span class='ocrx_word' id='word_1_623' title='bbox 2682 2148 3002 2216; x_wconf 88' lang='lat' dir='ltr'><strong>possimus...</strong></span> <span class='ocrx_word' id='word_1_624' title='bbox 3022 2150 3127 2205; x_wconf 84' lang='lat' dir='ltr'><strong>Hic</strong></span> <span class='ocrx_word' id='word_1_625' title='bbox 3151 2167 3299 2207; x_wconf 74' lang='lat' dir='ltr'><strong>verus</strong></span> <span class='ocrx_word' id='word_1_626' title='bbox 3332 2164 3405 2207; x_wconf 88' lang='lat' dir='ltr'><strong>est</strong></span> <span class='ocrx_word' id='word_1_627' title='bbox 3431 2153 3625 2225; x_wconf 81' lang='lat' dir='ltr'><strong>cultus,</strong></span> <span class='ocrx_word' id='word_1_628' title='bbox 3652 2155 3825 2225; x_wconf 87' lang='lat' dir='ltr'><strong>inquo</strong></span> <span class='ocrx_word' id='word_1_629' title='bbox 3849 2171 3992 2211; x_wconf 81' lang='lat' dir='ltr'><strong>utens</strong></span> 
     </span>
    </p>
   </div>
   <div class='ocr_carea' id='block_1_86' title="bbox 2398 2238 3990 2309">
    <p class='ocr_par' dir='ltr' id='par_1_86' title="bbox 2398 2238 3990 2309">
     <span class='ocr_line' id='line_1_87' title="bbox 2398 2238 3990 2309; baseline 0.005 -18"><span class='ocrx_word' id='word_1_630' title='bbox 2398 2238 2610 2293; x_wconf 84' lang='lat' dir='ltr'><strong>colentis</strong></span> <span class='ocrx_word' id='word_1_631' title='bbox 2638 2242 2857 2309; x_wconf 61' lang='lat' dir='ltr'><strong>seipsam</strong></span> <span class='ocrx_word' id='word_1_632' title='bbox 2887 2240 2993 2295; x_wconf 90' lang='lat' dir='ltr'><strong>Deo</strong></span> <span class='ocrx_word' id='word_1_633' title='bbox 3008 2241 3386 2298; x_wconf 77' lang='lat' dir='ltr'><strong>immaculatum</strong></span> <span class='ocrx_word' id='word_1_634' title='bbox 3405 2244 3667 2303; x_wconf 77' lang='lat' dir='ltr'><strong>victimam</strong></span> <span class='ocrx_word' id='word_1_635' title='bbox 3693 2247 3847 2300; x_wconf 67' lang='lat' dir='ltr'><strong>sistit.</strong></span> <span class='ocrx_word' id='word_1_636' title='bbox 3881 2245 3990 2301; x_wconf 81' lang='lat' dir='ltr'><strong>La-</strong></span> 
     </span>
    </p>
   </div>
   <div class='ocr_carea' id='block_1_87' title="bbox 2373 2328 3989 2405">
    <p class='ocr_par' dir='ltr' id='par_1_87' title="bbox 2373 2328 3989 2405">
     <span class='ocr_line' id='line_1_88' title="bbox 2373 2328 3989 2405; baseline 0.004 -21"><span class='ocrx_word' id='word_1_637' title='bbox 2373 2328 2635 2384; x_wconf 76' lang='lat' dir='ltr'><strong>ctantius</strong></span> <span class='ocrx_word' id='word_1_638' title='bbox 2661 2343 2791 2400; x_wconf 86' lang='lat' dir='ltr'><strong>ergo</strong></span> <span class='ocrx_word' id='word_1_639' title='bbox 2811 2330 3319 2403; x_wconf 85' lang='lat' dir='ltr'><strong>objurgatgentiles,</strong></span> <span class='ocrx_word' id='word_1_640' title='bbox 3347 2334 3487 2405; x_wconf 89' lang='lat' dir='ltr'><strong>quod</strong></span> <span class='ocrx_word' id='word_1_641' title='bbox 3519 2335 3632 2391; x_wconf 87' lang='lat' dir='ltr'><strong>Deo</strong></span> <span class='ocrx_word' id='word_1_642' title='bbox 3655 2350 3748 2391; x_wconf 86' lang='lat' dir='ltr'><strong>res</strong></span> <span class='ocrx_word' id='word_1_643' title='bbox 3776 2344 3989 2391; x_wconf 83' lang='lat' dir='ltr'><strong>creatas</strong></span> 
     </span>
    </p>
   </div>
   <div class='ocr_carea' id='block_1_88' title="bbox 2399 2418 3991 2496">
    <p class='ocr_par' dir='ltr' id='par_1_88' title="bbox 2399 2418 3991 2496">
     <span class='ocr_line' id='line_1_89' title="bbox 2399 2418 3991 2496; baseline 0.008 -24"><span class='ocrx_word' id='word_1_644' title='bbox 2399 2418 2673 2485; x_wconf 85' lang='lat' dir='ltr'><strong>oll‘errent,</strong></span> <span class='ocrx_word' id='word_1_645' title='bbox 2729 2430 2972 2490; x_wconf 85' lang='lat' dir='ltr'><strong>tanquam</strong></span> <span class='ocrx_word' id='word_1_646' title='bbox 3014 2423 3103 2477; x_wconf 82' lang='lat' dir='ltr'><strong>his</strong></span> <span class='ocrx_word' id='word_1_647' title='bbox 3142 2425 3417 2496; x_wconf 86' lang='lat' dir='ltr'><strong>indigenti,</strong></span> <span class='ocrx_word' id='word_1_648' title='bbox 3457 2435 3511 2482; x_wconf 89' lang='lat' dir='ltr'><strong>et</strong></span> <span class='ocrx_word' id='word_1_649' title='bbox 3552 2427 3860 2496; x_wconf 82' lang='lat' dir='ltr'><strong>ignorarent</strong></span> <span class='ocrx_word' id='word_1_650' title='bbox 3898 2427 3991 2485; x_wconf 76' lang='grc' dir='ltr'><strong>Ι)ιοί</strong></span> 
     </span>
    </p>
   </div>
   <div class='ocr_carea' id='block_1_89' title="bbox 2399 2513 3985 2586">
    <p class='ocr_par' dir='ltr' id='par_1_89' title="bbox 2399 2513 3985 2586">
     <span class='ocr_line' id='line_1_90' title="bbox 2399 2513 3985 2586; baseline 0.004 -19"><span class='ocrx_word' id='word_1_651' title='bbox 2399 2513 2599 2567; x_wconf 88' lang='lat' dir='ltr'><strong>cultum</strong></span> <span class='ocrx_word' id='word_1_652' title='bbox 2642 2514 2696 2569; x_wconf 90' lang='lat' dir='ltr'><strong>in</strong></span> <span class='ocrx_word' id='word_1_653' title='bbox 2751 2514 2918 2570; x_wconf 82' lang='lat' dir='ltr'><strong>animi</strong></span> <span class='ocrx_word' id='word_1_654' title='bbox 2966 2515 3262 2571; x_wconf 76' lang='lat' dir='ltr'><strong>virtutibus</strong></span> <span class='ocrx_word' id='word_1_655' title='bbox 3292 2518 3629 2586; x_wconf 84' lang='lat' dir='ltr'><strong>potissimum</strong></span> <span class='ocrx_word' id='word_1_656' title='bbox 3659 2519 3985 2575; x_wconf 85' lang='lat' dir='ltr'><strong>consistere.</strong></span> 
     </span>
    </p>
   </div>
   <div class='ocr_carea' id='block_1_90' title="bbox 2399 2603 3990 2674">
    <p class='ocr_par' dir='ltr' id='par_1_90' title="bbox 2399 2603 3990 2674">
     <span class='ocr_line' id='line_1_91' title="bbox 2399 2603 3990 2674; baseline 0.004 -16"><span class='ocrx_word' id='word_1_657' title='bbox 2399 2603 2543 2659; x_wconf 83' lang='lat' dir='ltr'><strong>Nihil</strong></span> <span class='ocrx_word' id='word_1_658' title='bbox 2574 2606 2687 2661; x_wconf 75' lang='lat' dir='ltr'><strong>btec</strong></span> <span class='ocrx_word' id='word_1_659' title='bbox 2715 2605 2780 2659; x_wconf 77' lang='lat' dir='ltr'><strong>ad</strong></span> <span class='ocrx_word' id='word_1_660' title='bbox 2813 2606 3221 2674; x_wconf 79' lang='lat' dir='ltr'><strong>catholicorum,</strong></span> <span class='ocrx_word' id='word_1_661' title='bbox 3254 2609 3336 2663; x_wconf 88' lang='lat' dir='ltr'><strong>vel</strong></span> <span class='ocrx_word' id='word_1_662' title='bbox 3360 2612 3523 2664; x_wconf 87' lang='lat' dir='ltr'><strong>etiam</strong></span> <span class='ocrx_word' id='word_1_663' title='bbox 3554 2611 3796 2665; x_wconf 87' lang='lat' dir='ltr'><strong>omnium</strong></span> <span class='ocrx_word' id='word_1_664' title='bbox 3830 2612 3990 2665; x_wconf 83' lang='lat' dir='ltr'><strong>Chri-</strong></span> 
     </span>
    </p>
   </div>
   <div class='ocr_carea' id='block_1_91' title="bbox 2397 2696 3987 2772">
    <p class='ocr_par' dir='ltr' id='par_1_91' title="bbox 2397 2696 3987 2772">
     <span class='ocr_line' id='line_1_92' title="bbox 2397 2696 3987 2772; baseline 0.006 -24"><span class='ocrx_word' id='word_1_665' title='bbox 2397 2696 2693 2751; x_wconf 86' lang='lat' dir='ltr'><strong>stianorum</strong></span> <span class='ocrx_word' id='word_1_666' title='bbox 2717 2705 2772 2751; x_wconf 91' lang='lat' dir='ltr'><strong>et</strong></span> <span class='ocrx_word' id='word_1_667' title='bbox 2800 2696 3145 2753; x_wconf 60' lang='lat' dir='ltr'><strong>ilcbra‘orum</strong></span> <span class='ocrx_word' id='word_1_668' title='bbox 3170 2699 3393 2768; x_wconf 89' lang='lat' dir='ltr'><strong>cultum,</strong></span> <span class='ocrx_word' id='word_1_669' title='bbox 3420 2715 3449 2753; x_wconf 86' lang='lat' dir='ltr'><strong>a</strong></span> <span class='ocrx_word' id='word_1_670' title='bbox 3475 2701 3584 2756; x_wconf 90' lang='lat' dir='ltr'><strong>Deo</strong></span> <span class='ocrx_word' id='word_1_671' title='bbox 3606 2703 3987 2772; x_wconf 69' lang='lat' dir='ltr'><strong>praescriptum</strong></span> 
     </span>
    </p>
   </div>
   <div class='ocr_carea' id='block_1_92' title="bbox 2396 2784 3989 2856">
    <p class='ocr_par' dir='ltr' id='par_1_92' title="bbox 2396 2784 3989 2856">
     <span class='ocr_line' id='line_1_93' title="bbox 2396 2784 3989 2856; baseline 0.004 -16"><span class='ocrx_word' id='word_1_672' title='bbox 2396 2786 2766 2840; x_wconf 83' lang='lat' dir='ltr'><strong>evertendnm.</strong></span> <span class='ocrx_word' id='word_1_673' title='bbox 2799 2784 2859 2841; x_wconf 90' lang='lat' dir='ltr'><strong>S.</strong></span> <span class='ocrx_word' id='word_1_674' title='bbox 2898 2788 3229 2856; x_wconf 81' lang='lat' dir='ltr'><strong>Augustinus</strong></span> <span class='ocrx_word' id='word_1_675' title='bbox 3253 2789 3323 2844; x_wconf 85' lang='lat' dir='ltr'><strong>de</strong></span> <span class='ocrx_word' id='word_1_676' title='bbox 3360 2791 3595 2845; x_wconf 76' lang='lat' dir='ltr'><strong>Moribus</strong></span> <span class='ocrx_word' id='word_1_677' title='bbox 3638 2791 3842 2845; x_wconf 84' lang='lat' dir='ltr'><strong>catlml.</strong></span> <span class='ocrx_word' id='word_1_678' title='bbox 3887 2792 3989 2847; x_wconf 81' lang='lat' dir='ltr'><strong>Ec-</strong></span> 
     </span>
    </p>
   </div>
   <div class='ocr_carea' id='block_1_93' title="bbox 2393 2876 3987 2953">
    <p class='ocr_par' dir='ltr' id='par_1_93' title="bbox 2393 2876 3987 2953">
     <span class='ocr_line' id='line_1_94' title="bbox 2393 2876 3987 2953; baseline 0.004 -22"><span class='ocrx_word' id='word_1_679' title='bbox 2393 2876 2529 2931; x_wconf 73' lang='lat' dir='ltr'><strong>clcs.</strong></span> <span class='ocrx_word' id='word_1_680' title='bbox 2561 2876 2654 2930; x_wconf 90' lang='lat' dir='ltr'><strong>lib.</strong></span> <span class='ocrx_word' id='word_1_681' title='bbox 2685 2892 2723 2939; x_wconf 82' lang='grc' dir='ltr'><strong>ι.</strong></span> <span class='ocrx_word' id='word_1_682' title='bbox 2756 2891 2878 2945; x_wconf 70' lang='lat' dir='ltr'><strong>Cap.</strong></span> <span class='ocrx_word' id='word_1_683' title='bbox 2908 2877 2978 2931; x_wconf 73' lang='grc'><strong>34</strong></span> <span class='ocrx_word' id='word_1_684' title='bbox 3009 2893 3025 2932; x_wconf 85' lang='lat'><strong>:</strong></span> <span class='ocrx_word' id='word_1_685' title='bbox 3062 2878 3236 2933; x_wconf 79' lang='lat' dir='ltr'><strong>Nolite</strong></span> <span class='ocrx_word' id='word_1_686' title='bbox 3262 2883 3545 2935; x_wconf 77' lang='lat' dir='ltr'><strong>consectari</strong></span> <span class='ocrx_word' id='word_1_687' title='bbox 3568 2882 3744 2936; x_wconf 84' lang='lat' dir='ltr'><strong>turbas</strong></span> <span class='ocrx_word' id='word_1_688' title='bbox 3771 2884 3987 2953; x_wconf 80' lang='lat' dir='ltr'><strong>imperi-</strong></span> 
     </span>
    </p>
   </div>
   <div class='ocr_carea' id='block_1_94' title="bbox 2394 2968 3985 3044">
    <p class='ocr_par' dir='ltr' id='par_1_94' title="bbox 2394 2968 3985 3044">
     <span class='ocr_line' id='line_1_95' title="bbox 2394 2968 3985 3044; baseline 0.006 -24"><span class='ocrx_word' id='word_1_689' title='bbox 2394 2969 2687 3037; x_wconf 87' lang='lat' dir='ltr'><strong>torum,qui</strong></span> <span class='ocrx_word' id='word_1_690' title='bbox 2725 2968 2802 3023; x_wconf 79' lang='lat' dir='ltr'><strong>uel</strong></span> <span class='ocrx_word' id='word_1_691' title='bbox 2831 2970 2889 3023; x_wconf 87' lang='lat' dir='ltr'><strong>in</strong></span> <span class='ocrx_word' id='word_1_692' title='bbox 2926 2971 3041 3040; x_wconf 87' lang='lat' dir='ltr'><strong>ipsa</strong></span> <span class='ocrx_word' id='word_1_693' title='bbox 3064 2987 3183 3025; x_wconf 78' lang='lat' dir='ltr'><strong>ocra</strong></span> <span class='ocrx_word' id='word_1_694' title='bbox 3200 2971 3448 3042; x_wconf 82' lang='lat' dir='ltr'><strong>religione</strong></span> <span class='ocrx_word' id='word_1_695' title='bbox 3470 2975 3815 3044; x_wconf 84' lang='lat' dir='ltr'><strong>superstitiosi</strong></span> <span class='ocrx_word' id='word_1_696' title='bbox 3840 2984 3985 3038; x_wconf 81' lang='lat' dir='ltr'><strong>sunt,</strong></span> 
     </span>
    </p>
   </div>
   <div class='ocr_carea' id='block_1_95' title="bbox 2392 3058 3985 3135">
    <p class='ocr_par' dir='ltr' id='par_1_95' title="bbox 2392 3058 3985 3135">
     <span class='ocr_line' id='line_1_96' title="bbox 2392 3058 3985 3135; baseline 0.005 -24"><span class='ocrx_word' id='word_1_697' title='bbox 2392 3058 2473 3111; x_wconf 81' lang='lat' dir='ltr'><strong>vel</strong></span> <span class='ocrx_word' id='word_1_698' title='bbox 2499 3058 2573 3110; x_wconf 88' lang='lat' dir='ltr'><strong>ita</strong></span> <span class='ocrx_word' id='word_1_699' title='bbox 2604 3058 2899 3112; x_wconf 81' lang='lat' dir='ltr'><strong>libidinibus</strong></span> <span class='ocrx_word' id='word_1_700' title='bbox 2924 3059 3103 3125; x_wconf 85' lang='lat' dir='ltr'><strong>dediti,</strong></span> <span class='ocrx_word' id='word_1_701' title='bbox 3148 3070 3203 3113; x_wconf 85' lang='lat' dir='ltr'><strong>ut</strong></span> <span class='ocrx_word' id='word_1_702' title='bbox 3242 3062 3384 3117; x_wconf 87' lang='lat' dir='ltr'><strong>obliti</strong></span> <span class='ocrx_word' id='word_1_703' title='bbox 3405 3064 3506 3116; x_wconf 88' lang='lat' dir='ltr'><strong>sint</strong></span> <span class='ocrx_word' id='word_1_704' title='bbox 3554 3064 3682 3134; x_wconf 87' lang='lat' dir='ltr'><strong>quid</strong></span> <span class='ocrx_word' id='word_1_705' title='bbox 3735 3069 3985 3135; x_wconf 82' lang='lat' dir='ltr'><strong>promise-</strong></span> 
     </span>
    </p>
   </div>
   <div class='ocr_carea' id='block_1_96' title="bbox 2396 3146 3984 3223">
    <p class='ocr_par' dir='ltr' id='par_1_96' title="bbox 2396 3146 3984 3223">
     <span class='ocr_line' id='line_1_97' title="bbox 2396 3146 3984 3223; baseline 0.005 -24"><span class='ocrx_word' id='word_1_706' title='bbox 2396 3148 2500 3200; x_wconf 89' lang='lat' dir='ltr'><strong>rint</strong></span> <span class='ocrx_word' id='word_1_707' title='bbox 2524 3146 2651 3201; x_wconf 90' lang='lat' dir='ltr'><strong>Deo.</strong></span> <span class='ocrx_word' id='word_1_708' title='bbox 2682 3147 2817 3202; x_wconf 78' lang='lat' dir='ltr'><strong>Novi</strong></span> <span class='ocrx_word' id='word_1_709' title='bbox 2865 3150 3055 3203; x_wconf 88' lang='lat' dir='ltr'><strong>multos</strong></span> <span class='ocrx_word' id='word_1_710' title='bbox 3078 3167 3188 3206; x_wconf 86' lang='lat' dir='ltr'><strong>esse</strong></span> <span class='ocrx_word' id='word_1_711' title='bbox 3213 3153 3565 3223; x_wconf 87' lang='lat' dir='ltr'><strong>sepulcrorum</strong></span> <span class='ocrx_word' id='word_1_712' title='bbox 3588 3164 3637 3208; x_wconf 89' lang='lat' dir='ltr'><strong>et</strong></span> <span class='ocrx_word' id='word_1_713' title='bbox 3665 3163 3984 3223; x_wconf 76' lang='lat' dir='ltr'><strong>picturarum</strong></span> 
     </span>
    </p>
   </div>
   <div class='ocr_carea' id='block_1_97' title="bbox 2395 3238 3984 3316">
    <p class='ocr_par' dir='ltr' id='par_1_97' title="bbox 2395 3238 3984 3316">
     <span class='ocr_line' id='line_1_98' title="bbox 2395 3238 3984 3316; baseline 0.006 -26"><span class='ocrx_word' id='word_1_714' title='bbox 2395 3238 2694 3292; x_wconf 87' lang='lat' dir='ltr'><strong>adoratores</strong></span> <span class='ocrx_word' id='word_1_715' title='bbox 2723 3253 2745 3293; x_wconf 89' lang='lat'><strong><em>:</em></strong></span> <span class='ocrx_word' id='word_1_716' title='bbox 2779 3239 2897 3293; x_wconf 77' lang='lat' dir='ltr'><strong>novi</strong></span> <span class='ocrx_word' id='word_1_717' title='bbox 2926 3239 3111 3294; x_wconf 85' lang='lat' dir='ltr'><strong>multos</strong></span> <span class='ocrx_word' id='word_1_718' title='bbox 3134 3257 3243 3296; x_wconf 90' lang='lat' dir='ltr'><strong>esse</strong></span> <span class='ocrx_word' id='word_1_719' title='bbox 3265 3242 3355 3311; x_wconf 85' lang='lat' dir='ltr'><strong>qui</strong></span> <span class='ocrx_word' id='word_1_720' title='bbox 3380 3241 3792 3301; x_wconf 67' lang='lat' dir='ltr'><strong>luxuriosissime</strong></span> <span class='ocrx_word' id='word_1_721' title='bbox 3829 3260 3984 3316; x_wconf 83' lang='lat' dir='ltr'><strong>super</strong></span> 
     </span>
    </p>
   </div>
   <div class='ocr_carea' id='block_1_98' title="bbox 2393 3329 3981 3403">
    <p class='ocr_par' dir='ltr' id='par_1_98' title="bbox 2393 3329 3981 3403">
     <span class='ocr_line' id='line_1_99' title="bbox 2393 3329 3981 3403; baseline 0.005 -21"><span class='ocrx_word' id='word_1_722' title='bbox 2393 3338 2619 3383; x_wconf 89' lang='lat' dir='ltr'><strong>mortuos</strong></span> <span class='ocrx_word' id='word_1_723' title='bbox 2649 3329 2840 3395; x_wconf 87' lang='lat' dir='ltr'><strong>bibant,</strong></span> <span class='ocrx_word' id='word_1_724' title='bbox 2861 3337 2909 3382; x_wconf 89' lang='lat' dir='ltr'><strong>et</strong></span> <span class='ocrx_word' id='word_1_725' title='bbox 2930 3331 3110 3398; x_wconf 87' lang='lat' dir='ltr'><strong>epulas</strong></span> <span class='ocrx_word' id='word_1_726' title='bbox 3134 3332 3463 3386; x_wconf 78' lang='lat' dir='ltr'><strong>cadaueribus</strong></span> <span class='ocrx_word' id='word_1_727' title='bbox 3479 3332 3769 3389; x_wconf 67' lang='lat' dir='ltr'><strong>exhibentes</strong></span> <span class='ocrx_word' id='word_1_728' title='bbox 3789 3376 3808 3401; x_wconf 91' lang='lat'><strong>,</strong></span> <span class='ocrx_word' id='word_1_729' title='bbox 3830 3348 3981 3403; x_wconf 82' lang='lat' dir='ltr'><strong>super</strong></span> 
     </span>
    </p>
   </div>
   <div class='ocr_carea' id='block_1_99' title="bbox 2392 3421 3979 3494">
    <p class='ocr_par' dir='ltr' id='par_1_99' title="bbox 2392 3421 3979 3494">
     <span class='ocr_line' id='line_1_100' title="bbox 2392 3421 3979 3494; baseline 0.004 -21"><span class='ocrx_word' id='word_1_730' title='bbox 2392 3428 2621 3473; x_wconf 87' lang='lat' dir='ltr'><strong>mortuos</strong></span> <span class='ocrx_word' id='word_1_731' title='bbox 2646 3421 2839 3483; x_wconf 85' lang='lat' dir='ltr'><strong>seipsos</strong></span> <span class='ocrx_word' id='word_1_732' title='bbox 2874 3421 3143 3490; x_wconf 89' lang='lat' dir='ltr'><strong>sepeliant,</strong></span> <span class='ocrx_word' id='word_1_733' title='bbox 3165 3429 3214 3474; x_wconf 87' lang='lat' dir='ltr'><strong>et</strong></span> <span class='ocrx_word' id='word_1_734' title='bbox 3252 3422 3560 3477; x_wconf 82' lang='lat' dir='ltr'><strong>uoracitates</strong></span> <span class='ocrx_word' id='word_1_735' title='bbox 3606 3422 3979 3494; x_wconf 85' lang='lat' dir='ltr'><strong>ebrietatesque</strong></span> 
     </span>
    </p>
   </div>
   <div class='ocr_carea' id='block_1_100' title="bbox 2393 3508 3979 3583">
    <p class='ocr_par' dir='ltr' id='par_1_100' title="bbox 2393 3508 3979 3583">
     <span class='ocr_line' id='line_1_101' title="bbox 2393 3508 3979 3583; baseline 0.006 -21"><span class='ocrx_word' id='word_1_736' title='bbox 2393 3524 2513 3563; x_wconf 86' lang='lat' dir='ltr'><strong>suas</strong></span> <span class='ocrx_word' id='word_1_737' title='bbox 2540 3508 2779 3576; x_wconf 73' lang='lat' dir='ltr'><strong>deputent</strong></span> <span class='ocrx_word' id='word_1_738' title='bbox 2814 3509 3073 3578; x_wconf 88' lang='lat' dir='ltr'><strong>religioni.</strong></span> <span class='ocrx_word' id='word_1_739' title='bbox 3124 3509 3223 3565; x_wconf 83' lang='lat' dir='ltr'><strong>llic</strong></span> <span class='ocrx_word' id='word_1_740' title='bbox 3248 3513 3575 3581; x_wconf 70' lang='lat' dir='ltr'><strong>corruptelae</strong></span> <span class='ocrx_word' id='word_1_741' title='bbox 3623 3513 3979 3583; x_wconf 81' lang='lat' dir='ltr'><strong>castigantur.</strong></span> 
     </span>
    </p>
   </div>
   <div class='ocr_carea' id='block_1_101' title="bbox 2394 3596 3981 3673">
    <p class='ocr_par' dir='ltr' id='par_1_101' title="bbox 2394 3596 3981 3673">
     <span class='ocr_line' id='line_1_102' title="bbox 2394 3596 3981 3673; baseline 0.003 -20"><span class='ocrx_word' id='word_1_742' title='bbox 2394 3599 2488 3654; x_wconf 86' lang='lat' dir='ltr'><strong>Pia</strong></span> <span class='ocrx_word' id='word_1_743' title='bbox 2524 3596 2799 3668; x_wconf 84' lang='lat' dir='ltr'><strong>religionis</strong></span> <span class='ocrx_word' id='word_1_744' title='bbox 2840 3598 3017 3653; x_wconf 86' lang='lat' dir='ltr'><strong>olllcia</strong></span> <span class='ocrx_word' id='word_1_745' title='bbox 3063 3600 3405 3655; x_wconf 89' lang='lat' dir='ltr'><strong>commendat</strong></span> <span class='ocrx_word' id='word_1_746' title='bbox 3458 3600 3599 3657; x_wconf 90' lang='lat' dir='ltr'><strong>idem</strong></span> <span class='ocrx_word' id='word_1_747' title='bbox 3647 3601 3981 3673; x_wconf 77' lang='lat' dir='ltr'><strong>Augustinus</strong></span> 
     </span>
    </p>
   </div>
   <div class='ocr_carea' id='block_1_102' title="bbox 2392 3689 3981 3764">
    <p class='ocr_par' dir='ltr' id='par_1_102' title="bbox 2392 3689 3981 3764">
     <span class='ocr_line' id='line_1_103' title="bbox 2392 3689 3981 3764; baseline 0.004 -19"><span class='ocrx_word' id='word_1_748' title='bbox 2392 3689 2486 3745; x_wconf 91' lang='lat' dir='ltr'><strong>lib.</strong></span> <span class='ocrx_word' id='word_1_749' title='bbox 2520 3689 2629 3745; x_wconf 89' lang='lat' dir='ltr'><strong>tde</strong></span> <span class='ocrx_word' id='word_1_750' title='bbox 2647 3689 2806 3745; x_wconf 81' lang='lat' dir='ltr'><strong>Civil.</strong></span> <span class='ocrx_word' id='word_1_751' title='bbox 2842 3689 2953 3754; x_wconf 89' lang='lat' dir='ltr'><strong>Dei,</strong></span> <span class='ocrx_word' id='word_1_752' title='bbox 2987 3704 3103 3759; x_wconf 84' lang='lat' dir='ltr'><strong>cap.</strong></span> <span class='ocrx_word' id='word_1_753' title='bbox 3137 3691 3222 3756; x_wconf 72' lang='grc'><strong>12,</strong></span> <span class='ocrx_word' id='word_1_754' title='bbox 3265 3700 3319 3748; x_wconf 87' lang='lat' dir='ltr'><strong>et</strong></span> <span class='ocrx_word' id='word_1_755' title='bbox 3349 3692 3442 3747; x_wconf 81' lang='lat' dir='ltr'><strong>Ib.</strong></span> <span class='ocrx_word' id='word_1_756' title='bbox 3474 3692 3544 3749; x_wconf 88' lang='lat' dir='ltr'><strong>de</strong></span> <span class='ocrx_word' id='word_1_757' title='bbox 3564 3690 3705 3748; x_wconf 90' lang='lat' dir='ltr'><strong>Cura</strong></span> <span class='ocrx_word' id='word_1_758' title='bbox 3742 3696 3981 3764; x_wconf 74' lang='lat' dir='ltr'><strong>gerenda</strong></span> 
     </span>
    </p>
   </div>
   <div class='ocr_carea' id='block_1_103' title="bbox 2394 3780 3978 3853">
    <p class='ocr_par' dir='ltr' id='par_1_103' title="bbox 2394 3780 3978 3853">
     <span class='ocr_line' id='line_1_104' title="bbox 2394 3780 3978 3853; baseline 0 -18"><span class='ocrx_word' id='word_1_759' title='bbox 2394 3796 2491 3851; x_wconf 90' lang='lat' dir='ltr'><strong>pro</strong></span> <span class='ocrx_word' id='word_1_760' title='bbox 2513 3780 2740 3835; x_wconf 89' lang='lat' dir='ltr'><strong>mortuis</strong></span> <span class='ocrx_word' id='word_1_761' title='bbox 2768 3780 2836 3835; x_wconf 89' lang='lat' dir='ltr'><strong>ad</strong></span> <span class='ocrx_word' id='word_1_762' title='bbox 2864 3780 3144 3836; x_wconf 86' lang='lat' dir='ltr'><strong>Paulinum</strong></span> <span class='ocrx_word' id='word_1_763' title='bbox 3172 3796 3292 3851; x_wconf 89' lang='lat' dir='ltr'><strong>cap.</strong></span> <span class='ocrx_word' id='word_1_764' title='bbox 3324 3784 3360 3838; x_wconf 81' lang='grc'><strong>5</strong></span> <span class='ocrx_word' id='word_1_765' title='bbox 3390 3800 3404 3837; x_wconf 92' lang='lat'><strong>:</strong></span> <span class='ocrx_word' id='word_1_766' title='bbox 3428 3781 3553 3852; x_wconf 84' lang='lat' dir='ltr'><strong>Ipse</strong></span> <span class='ocrx_word' id='word_1_767' title='bbox 3576 3799 3777 3853; x_wconf 82' lang='lat' dir='ltr'><strong>quoque</strong></span> <span class='ocrx_word' id='word_1_768' title='bbox 3796 3783 3978 3840; x_wconf 71' lang='lat' dir='ltr'><strong>Dauni-</strong></span> 
     </span>
    </p>
   </div>
   <div class='ocr_carea' id='block_1_104' title="bbox 2392 3870 3983 3944">
    <p class='ocr_par' dir='ltr' id='par_1_104' title="bbox 2392 3870 3983 3944">
     <span class='ocr_line' id='line_1_105' title="bbox 2392 3870 3983 3944; baseline 0.004 -20"><span class='ocrx_word' id='word_1_769' title='bbox 2392 3886 2490 3924; x_wconf 89' lang='lat' dir='ltr'><strong>nus</strong></span> <span class='ocrx_word' id='word_1_770' title='bbox 2520 3871 2603 3924; x_wconf 90' lang='lat' dir='ltr'><strong>die</strong></span> <span class='ocrx_word' id='word_1_771' title='bbox 2631 3870 2777 3927; x_wconf 76' lang='lat' dir='ltr'><strong>tertio</strong></span> <span class='ocrx_word' id='word_1_772' title='bbox 2805 3881 3206 3936; x_wconf 87' lang='lat' dir='ltr'><strong>resurrecturus,</strong></span> <span class='ocrx_word' id='word_1_773' title='bbox 3228 3871 3489 3944; x_wconf 67' lang='lat' dir='ltr'><strong>religiosas</strong></span> <span class='ocrx_word' id='word_1_774' title='bbox 3521 3874 3751 3929; x_wconf 84' lang='lat' dir='ltr'><strong>mulieris</strong></span> <span class='ocrx_word' id='word_1_775' title='bbox 3792 3874 3983 3929; x_wconf 77' lang='lat' dir='ltr'><strong>bonum</strong></span> 
     </span>
    </p>
   </div>
   <div class='ocr_carea' id='block_1_105' title="bbox 2393 3962 3982 4037">
    <p class='ocr_par' dir='ltr' id='par_1_105' title="bbox 2393 3962 3982 4037">
     <span class='ocr_line' id='line_1_106' title="bbox 2393 3962 3982 4037; baseline 0.001 -18"><span class='ocrx_word' id='word_1_776' title='bbox 2393 3980 2523 4028; x_wconf 86' lang='lat' dir='ltr'><strong>opus</strong></span> <span class='ocrx_word' id='word_1_777' title='bbox 2588 3962 3071 4034; x_wconf 70' lang='lat' dir='ltr'><strong>prmdicandumque</strong></span> <span class='ocrx_word' id='word_1_778' title='bbox 3120 3964 3461 4028; x_wconf 84' lang='lat' dir='ltr'><strong>commendat,</strong></span> <span class='ocrx_word' id='word_1_779' title='bbox 3486 3968 3623 4033; x_wconf 86' lang='lat' dir='ltr'><strong>quod</strong></span> <span class='ocrx_word' id='word_1_780' title='bbox 3660 3977 3982 4037; x_wconf 76' lang='lat' dir='ltr'><strong>unguentum</strong></span> 
     </span>
    </p>
   </div>
   <div class='ocr_carea' id='block_1_106' title="bbox 2393 4053 3983 4127">
    <p class='ocr_par' dir='ltr' id='par_1_106' title="bbox 2393 4053 3983 4127">
     <span class='ocr_line' id='line_1_107' title="bbox 2393 4053 3983 4127; baseline 0 -18"><span class='ocrx_word' id='word_1_781' title='bbox 2393 4056 2673 4125; x_wconf 85' lang='lat' dir='ltr'><strong>pretiosum</strong></span> <span class='ocrx_word' id='word_1_782' title='bbox 2713 4069 2870 4121; x_wconf 86' lang='lat' dir='ltr'><strong>super</strong></span> <span class='ocrx_word' id='word_1_783' title='bbox 2909 4053 3132 4108; x_wconf 87' lang='lat' dir='ltr'><strong>membra</strong></span> <span class='ocrx_word' id='word_1_784' title='bbox 3164 4057 3275 4125; x_wconf 86' lang='lat' dir='ltr'><strong>ejus</strong></span> <span class='ocrx_word' id='word_1_785' title='bbox 3299 4053 3564 4125; x_wconf 74' lang='lat' dir='ltr'><strong>effuderit,</strong></span> <span class='ocrx_word' id='word_1_786' title='bbox 3597 4065 3753 4127; x_wconf 88' lang='lat' dir='ltr'><strong>atque</strong></span> <span class='ocrx_word' id='word_1_787' title='bbox 3792 4058 3891 4111; x_wconf 87' lang='lat' dir='ltr'><strong>hoc</strong></span> <span class='ocrx_word' id='word_1_788' title='bbox 3911 4057 3983 4111; x_wconf 79' lang='lat' dir='ltr'><strong>ad</strong></span> 
     </span>
    </p>
   </div>
   <div class='ocr_carea' id='block_1_107' title="bbox 2392 4144 3984 4215">
    <p class='ocr_par' dir='ltr' id='par_1_107' title="bbox 2392 4144 3984 4215">
     <span class='ocr_line' id='line_1_108' title="bbox 2392 4144 3984 4215; baseline 0.002 -15"><span class='ocrx_word' id='word_1_789' title='bbox 2392 4145 2737 4214; x_wconf 61' lang='lat' dir='ltr'><strong>sepeliendum</strong></span> <span class='ocrx_word' id='word_1_790' title='bbox 2766 4160 2882 4199; x_wconf 81' lang='lat' dir='ltr'><strong>cum</strong></span> <span class='ocrx_word' id='word_1_791' title='bbox 2906 4144 3122 4215; x_wconf 85' lang='lat' dir='ltr'><strong>fecerit:</strong></span> <span class='ocrx_word' id='word_1_792' title='bbox 3148 4154 3199 4200; x_wconf 87' lang='lat' dir='ltr'><strong>et</strong></span> <span class='ocrx_word' id='word_1_793' title='bbox 3220 4145 3552 4201; x_wconf 86' lang='lat' dir='ltr'><strong>laudabiliter</strong></span> <span class='ocrx_word' id='word_1_794' title='bbox 3577 4161 3984 4203; x_wconf 81' lang='lat' dir='ltr'><strong>commemoran-</strong></span> 
     </span>
    </p>
   </div>
   <div class='ocr_carea' id='block_1_108' title="bbox 2395 4224 3978 4313">
    <p class='ocr_par' dir='ltr' id='par_1_108' title="bbox 2395 4224 3978 4313">
     <span class='ocr_line' id='line_1_109' title="bbox 2395 4224 3978 4313; baseline 0.005 -22"><span class='ocrx_word' id='word_1_795' title='bbox 2395 4248 2478 4292; x_wconf 70' lang='lat' dir='ltr'><strong>tur</strong></span> <span class='ocrx_word' id='word_1_796' title='bbox 2502 4239 2556 4294; x_wconf 86' lang='lat' dir='ltr'><strong>in</strong></span> <span class='ocrx_word' id='word_1_797' title='bbox 2582 4238 2857 4312; x_wconf 78' lang='lat' dir='ltr'><strong>Evangelia</strong></span> <span class='ocrx_word' id='word_1_798' title='bbox 2892 4239 2983 4311; x_wconf 86' lang='lat' dir='ltr'><strong>qui</strong></span> <span class='ocrx_word' id='word_1_799' title='bbox 3012 4224 3199 4312; x_wconf 80' lang='lat' dir='ltr'><strong>corpus</strong></span> <span class='ocrx_word' id='word_1_800' title='bbox 3217 4242 3331 4313; x_wconf 83' lang='lat' dir='ltr'><strong>ejus</strong></span> <span class='ocrx_word' id='word_1_801' title='bbox 3350 4240 3416 4295; x_wconf 86' lang='lat' dir='ltr'><strong>de</strong></span> <span class='ocrx_word' id='word_1_802' title='bbox 3436 4256 3588 4296; x_wconf 86' lang='lat' dir='ltr'><strong>cruce</strong></span> <span class='ocrx_word' id='word_1_803' title='bbox 3612 4252 3881 4313; x_wconf 82' lang='lat' dir='ltr'><strong>acceptum</strong></span> <span class='ocrx_word' id='word_1_804' title='bbox 3896 4246 3978 4299; x_wconf 88' lang='lat' dir='ltr'><strong>di-</strong></span> 
     </span>
    </p>
   </div>
   <div class='ocr_carea' id='block_1_109' title="bbox 2395 4329 3983 4403">
    <p class='ocr_par' dir='ltr' id='par_1_109' title="bbox 2395 4329 3983 4403">
     <span class='ocr_line' id='line_1_110' title="bbox 2395 4329 3983 4403; baseline 0.004 -20"><span class='ocrx_word' id='word_1_805' title='bbox 2395 4331 2607 4401; x_wconf 75' lang='lat' dir='ltr'><strong>ligenter</strong></span> <span class='ocrx_word' id='word_1_806' title='bbox 2630 4340 2784 4402; x_wconf 87' lang='lat' dir='ltr'><strong>atque</strong></span> <span class='ocrx_word' id='word_1_807' title='bbox 2809 4329 3089 4399; x_wconf 79' lang='lat' dir='ltr'><strong>honoriﬁce</strong></span> <span class='ocrx_word' id='word_1_808' title='bbox 3119 4330 3391 4401; x_wconf 77' lang='lat' dir='ltr'><strong>tegendum</strong></span> <span class='ocrx_word' id='word_1_809' title='bbox 3416 4331 3865 4403; x_wconf 80' lang='lat' dir='ltr'><strong>sepeliendumque</strong></span> <span class='ocrx_word' id='word_1_810' title='bbox 3893 4350 3983 4390; x_wconf 80' lang='lat' dir='ltr'><strong>cu-</strong></span> 
     </span>
    </p>
   </div>
   <div class='ocr_carea' id='block_1_110' title="bbox 2393 4420 3983 4492">
    <p class='ocr_par' dir='ltr' id='par_1_110' title="bbox 2393 4420 3983 4492">
     <span class='ocr_line' id='line_1_111' title="bbox 2393 4420 3983 4492; baseline 0.004 -18"><span class='ocrx_word' id='word_1_811' title='bbox 2393 4430 2591 4476; x_wconf 83' lang='lat' dir='ltr'><strong>rarunt.</strong></span> <span class='ocrx_word' id='word_1_812' title='bbox 2631 4422 2697 4477; x_wconf 87' lang='lat' dir='ltr'><strong>Et</strong></span> <span class='ocrx_word' id='word_1_813' title='bbox 2736 4422 2852 4492; x_wconf 88' lang='lat' dir='ltr'><strong>ipse</strong></span> <span class='ocrx_word' id='word_1_814' title='bbox 2893 4420 3154 4476; x_wconf 89' lang='lat' dir='ltr'><strong>miracula</strong></span> <span class='ocrx_word' id='word_1_815' title='bbox 3183 4434 3306 4491; x_wconf 62' lang='lat' dir='ltr'><strong>qua</strong></span> <span class='ocrx_word' id='word_1_816' title='bbox 3348 4420 3550 4475; x_wconf 82' lang='lat' dir='ltr'><strong>ﬂebant</strong></span> <span class='ocrx_word' id='word_1_817' title='bbox 3593 4422 3659 4477; x_wconf 88' lang='lat' dir='ltr'><strong>ad</strong></span> <span class='ocrx_word' id='word_1_818' title='bbox 3689 4425 3983 4482; x_wconf 86' lang='lat' dir='ltr'><strong>memorias</strong></span> 
     </span>
    </p>
   </div>
   <div class='ocr_carea' id='block_1_111' title="bbox 2396 4510 3980 4586">
    <p class='ocr_par' dir='ltr' id='par_1_111' title="bbox 2396 4510 3980 4586">
     <span class='ocr_line' id='line_1_112' title="bbox 2396 4510 3980 4586; baseline 0.004 -21"><span class='ocrx_word' id='word_1_819' title='bbox 2396 4522 2712 4583; x_wconf 80' lang='lat' dir='ltr'><strong>martyrum,</strong></span> <span class='ocrx_word' id='word_1_820' title='bbox 2740 4520 2853 4567; x_wconf 92' lang='lat' dir='ltr'><strong>tum</strong></span> <span class='ocrx_word' id='word_1_821' title='bbox 2883 4510 3189 4576; x_wconf 81' lang='lat' dir='ltr'><strong>Mediolani,</strong></span> <span class='ocrx_word' id='word_1_822' title='bbox 3221 4520 3331 4567; x_wconf 90' lang='lat' dir='ltr'><strong>tum</strong></span> <span class='ocrx_word' id='word_1_823' title='bbox 3373 4512 3546 4582; x_wconf 69' lang='lat' dir='ltr'><strong>Nolae,</strong></span> <span class='ocrx_word' id='word_1_824' title='bbox 3595 4514 3778 4570; x_wconf 80' lang='lat' dir='ltr'><strong>laudat</strong></span> <span class='ocrx_word' id='word_1_825' title='bbox 3822 4520 3980 4586; x_wconf 85' lang='lat' dir='ltr'><strong>epist.</strong></span> 
     </span>
    </p>
   </div>
   <div class='ocr_carea' id='block_1_112' title="bbox 2390 4602 3985 4671">
    <p class='ocr_par' dir='ltr' id='par_1_112' title="bbox 2390 4602 3985 4671">
     <span class='ocr_line' id='line_1_113' title="bbox 2390 4602 3985 4671; baseline 0.003 -13"><span class='ocrx_word' id='word_1_826' title='bbox 2390 4604 2459 4659; x_wconf 88' lang='lat'><strong>78</strong></span> <span class='ocrx_word' id='word_1_827' title='bbox 2491 4619 2506 4658; x_wconf 91' lang='lat'>:</span> <span class='ocrx_word' id='word_1_828' title='bbox 2537 4603 2899 4658; x_wconf 81' lang='lat' dir='ltr'><strong>Verumtamen</strong></span> <span class='ocrx_word' id='word_1_829' title='bbox 2926 4604 2994 4657; x_wconf 88' lang='lat' dir='ltr'><strong>ad</strong></span> <span class='ocrx_word' id='word_1_830' title='bbox 3014 4603 3136 4671; x_wconf 86' lang='lat' dir='ltr'><strong>ista,</strong></span> <span class='ocrx_word' id='word_1_831' title='bbox 3160 4619 3275 4671; x_wconf 81' lang='lat' dir='ltr'><strong>qua:</strong></span> <span class='ocrx_word' id='word_1_832' title='bbox 3292 4602 3585 4660; x_wconf 86' lang='lat' dir='ltr'><strong>hominibus</strong></span> <span class='ocrx_word' id='word_1_833' title='bbox 3606 4608 3843 4662; x_wconf 79' lang='lat' dir='ltr'><strong>visilibus</strong></span> <span class='ocrx_word' id='word_1_834' title='bbox 3864 4623 3985 4664; x_wconf 82' lang='lat' dir='ltr'><strong>nota</strong></span> 
     </span>
    </p>
   </div>
   <div class='ocr_carea' id='block_1_113' title="bbox 2387 4694 3984 4769">
    <p class='ocr_par' dir='ltr' id='par_1_113' title="bbox 2387 4694 3984 4769">
     <span class='ocr_line' id='line_1_114' title="bbox 2387 4694 3984 4769; baseline 0.006 -19"><span class='ocrx_word' id='word_1_835' title='bbox 2387 4702 2525 4759; x_wconf 87' lang='lat' dir='ltr'><strong>sunt,</strong></span> <span class='ocrx_word' id='word_1_836' title='bbox 2539 4695 2654 4766; x_wconf 86' lang='lat' dir='ltr'><strong>quis</strong></span> <span class='ocrx_word' id='word_1_837' title='bbox 2678 4704 2841 4765; x_wconf 90' lang='lat' dir='ltr'><strong>potest</strong></span> <span class='ocrx_word' id='word_1_838' title='bbox 2860 4698 2970 4768; x_wconf 83' lang='lat' dir='ltr'><strong>ejus</strong></span> <span class='ocrx_word' id='word_1_839' title='bbox 2982 4694 3256 4749; x_wconf 87' lang='lat' dir='ltr'><strong>consilium</strong></span> <span class='ocrx_word' id='word_1_840' title='bbox 3274 4700 3603 4763; x_wconf 83' lang='lat' dir='ltr'><strong>perscrutari,</strong></span> <span class='ocrx_word' id='word_1_841' title='bbox 3617 4716 3780 4769; x_wconf 86' lang='lat' dir='ltr'><strong>quare</strong></span> <span class='ocrx_word' id='word_1_842' title='bbox 3798 4703 3855 4757; x_wconf 88' lang='lat' dir='ltr'><strong>in</strong></span> <span class='ocrx_word' id='word_1_843' title='bbox 3869 4705 3984 4759; x_wconf 81' lang='lat' dir='ltr'><strong>aliis</strong></span> 
     </span>
    </p>
   </div>
   <div class='ocr_carea' id='block_1_114' title="bbox 2385 4788 3983 4861">
    <p class='ocr_par' dir='ltr' id='par_1_114' title="bbox 2385 4788 3983 4861">
     <span class='ocr_line' id='line_1_115' title="bbox 2385 4788 3983 4861; baseline 0.004 -18"><span class='ocrx_word' id='word_1_844' title='bbox 2385 4790 2513 4846; x_wconf 86' lang='lat' dir='ltr'><strong>locis</strong></span> <span class='ocrx_word' id='word_1_845' title='bbox 2539 4790 2648 4845; x_wconf 75' lang='lat' dir='ltr'><strong>haec</strong></span> <span class='ocrx_word' id='word_1_846' title='bbox 2674 4791 2921 4845; x_wconf 86' lang='lat' dir='ltr'><strong>miracula</strong></span> <span class='ocrx_word' id='word_1_847' title='bbox 2951 4788 3170 4860; x_wconf 57' lang='lat' dir='ltr'><strong>fiant,&#39;in</strong></span> <span class='ocrx_word' id='word_1_848' title='bbox 3195 4789 3313 4844; x_wconf 82' lang='lat' dir='ltr'><strong>aliis</strong></span> <span class='ocrx_word' id='word_1_849' title='bbox 3340 4805 3445 4844; x_wconf 84' lang='lat' dir='ltr'><strong>non</strong></span> <span class='ocrx_word' id='word_1_850' title='bbox 3468 4790 3618 4861; x_wconf 75' lang='lat' dir='ltr'><strong>fiant.</strong></span> <span class='ocrx_word' id='word_1_851' title='bbox 3642 4792 3827 4849; x_wconf 69' lang='lat' dir='ltr'><strong>Multis</strong></span> <span class='ocrx_word' id='word_1_852' title='bbox 3850 4798 3983 4851; x_wconf 84' lang='lat' dir='ltr'><strong>enim</strong></span> 
     </span>
    </p>
   </div>
   <div class='ocr_carea' id='block_1_115' title="bbox 2388 4878 3984 4943">
    <p class='ocr_par' dir='ltr' id='par_1_115' title="bbox 2388 4878 3984 4943">
     <span class='ocr_line' id='line_1_116' title="bbox 2388 4878 3984 4943; baseline 0.004 -8"><span class='ocrx_word' id='word_1_853' title='bbox 2388 4883 2652 4936; x_wconf 86' lang='lat' dir='ltr'><strong>notissima</strong></span> <span class='ocrx_word' id='word_1_854' title='bbox 2699 4890 2771 4936; x_wconf 86' lang='lat' dir='ltr'><strong>est</strong></span> <span class='ocrx_word' id='word_1_855' title='bbox 2812 4881 3057 4935; x_wconf 81' lang='lat' dir='ltr'><strong>sanctitas</strong></span> <span class='ocrx_word' id='word_1_856' title='bbox 3090 4879 3227 4943; x_wconf 81' lang='lat' dir='ltr'><strong>‘loci,</strong></span> <span class='ocrx_word' id='word_1_857' title='bbox 3277 4880 3363 4933; x_wconf 90' lang='lat' dir='ltr'><strong>ubi</strong></span> <span class='ocrx_word' id='word_1_858' title='bbox 3400 4878 3460 4934; x_wconf 87' lang='grc' dir='ltr'><strong>Β.</strong></span> <span class='ocrx_word' id='word_1_859' title='bbox 3495 4880 3688 4937; x_wconf 80' lang='lat' dir='ltr'><strong>Felicis</strong></span> <span class='ocrx_word' id='word_1_860' title='bbox 3738 4884 3984 4941; x_wconf 61' lang='lat' dir='ltr'><strong>Nolensis</strong></span> 
     </span>
    </p>
   </div>
   <div class='ocr_carea' id='block_1_116' title="bbox 2388 4968 3979 5045">
    <p class='ocr_par' dir='ltr' id='par_1_116' title="bbox 2388 4968 3979 5045">
     <span class='ocr_line' id='line_1_117' title="bbox 2388 4968 3979 5045; baseline 0.001 -17"><span class='ocrx_word' id='word_1_861' title='bbox 2388 4990 2572 5043; x_wconf 87' lang='lat' dir='ltr'><strong>corpus</strong></span> <span class='ocrx_word' id='word_1_862' title='bbox 2595 4970 2856 5026; x_wconf 86' lang='lat' dir='ltr'><strong>conditum</strong></span> <span class='ocrx_word' id='word_1_863' title='bbox 2873 4981 2965 5024; x_wconf 87' lang='lat' dir='ltr'><strong>est.</strong></span> <span class='ocrx_word' id='word_1_864' title='bbox 3000 4970 3059 5025; x_wconf 91' lang='lat' dir='ltr'><strong>In</strong></span> <span class='ocrx_word' id='word_1_865' title='bbox 3086 4968 3222 5028; x_wconf 88' lang='lat' dir='ltr'><strong>libro</strong></span> <span class='ocrx_word' id='word_1_866' title='bbox 3247 4985 3357 5026; x_wconf 70' lang='grc' dir='ltr'><strong>χχιι</strong></span> <span class='ocrx_word' id='word_1_867' title='bbox 3379 4969 3447 5025; x_wconf 89' lang='lat' dir='ltr'><strong>de</strong></span> <span class='ocrx_word' id='word_1_868' title='bbox 3459 4968 3616 5027; x_wconf 80' lang='lat' dir='ltr'><strong>Civil.</strong></span> <span class='ocrx_word' id='word_1_869' title='bbox 3638 4973 3757 5039; x_wconf 89' lang='lat' dir='ltr'><strong>Dei,</strong></span> <span class='ocrx_word' id='word_1_870' title='bbox 3779 4989 3903 5045; x_wconf 86' lang='lat' dir='ltr'><strong>cap.</strong></span> <span class='ocrx_word' id='word_1_871' title='bbox 3926 4978 3979 5042; x_wconf 91' lang='lat'><strong>8,</strong></span> 
     </span>
    </p>
   </div>
   <div class='ocr_carea' id='block_1_117' title="bbox 2392 5105 3981 5171">
    <p class='ocr_par' dir='ltr' id='par_1_117' title="bbox 2392 5105 3981 5171">
     <span class='ocr_line' id='line_1_118' title="bbox 2392 5105 3981 5171; baseline 0.001 -8"><span class='ocrx_word' id='word_1_872' title='bbox 2392 5108 2594 5163; x_wconf 81' lang='lat' dir='ltr'><strong>Monica</strong></span> <span class='ocrx_word' id='word_1_873' title='bbox 2623 5106 2741 5160; x_wconf 84' lang='lat' dir='ltr'><strong>ait:</strong></span> <span class='ocrx_word' id='word_1_874' title='bbox 2776 5105 2905 5161; x_wconf 85' lang='lat' dir='ltr'><strong>Cum</strong></span> <span class='ocrx_word' id='word_1_875' title='bbox 2947 5106 3015 5161; x_wconf 89' lang='lat' dir='ltr'><strong>ad</strong></span> <span class='ocrx_word' id='word_1_876' title='bbox 3052 5110 3321 5162; x_wconf 86' lang='lat' dir='ltr'><strong>memorias</strong></span> <span class='ocrx_word' id='word_1_877' title='bbox 3373 5119 3689 5171; x_wconf 83' lang='lat' dir='ltr'><strong>sanctorum,</strong></span> <span class='ocrx_word' id='word_1_878' title='bbox 3737 5119 3872 5163; x_wconf 70' lang='lat' dir='ltr'><strong>sicut</strong></span> <span class='ocrx_word' id='word_1_879' title='bbox 3927 5128 3981 5165; x_wconf 77' lang='lat' dir='ltr'><strong>tu</strong></span> 
     </span>
    </p>
   </div>
   <div class='ocr_carea' id='block_1_118' title="bbox 2396 5175 3983 5248">
    <p class='ocr_par' dir='ltr' id='par_1_118' title="bbox 2396 5175 3983 5248">
     <span class='ocr_line' id='line_1_119' title="bbox 2396 5175 3983 5248; baseline 0.001 -17"><span class='ocrx_word' id='word_1_880' title='bbox 2396 5180 2574 5248; x_wconf 83' lang='lat' dir='ltr'><strong>Africa</strong></span> <span class='ocrx_word' id='word_1_881' title='bbox 2594 5175 2811 5243; x_wconf 86' lang='lat' dir='ltr'><strong>solebat,</strong></span> <span class='ocrx_word' id='word_1_882' title='bbox 2841 5177 3007 5248; x_wconf 80' lang='lat' dir='ltr'><strong>pultes</strong></span> <span class='ocrx_word' id='word_1_883' title='bbox 3033 5186 3079 5248; x_wconf 81' lang='lat' dir='ltr'><strong>et</strong></span> <span class='ocrx_word' id='word_1_884' title='bbox 3101 5193 3283 5246; x_wconf 84' lang='lat' dir='ltr'><strong>panem</strong></span> <span class='ocrx_word' id='word_1_885' title='bbox 3310 5189 3355 5231; x_wconf 89' lang='lat' dir='ltr'><strong>et</strong></span> <span class='ocrx_word' id='word_1_886' title='bbox 3386 5194 3582 5232; x_wconf 77' lang='lat' dir='ltr'><strong>merum</strong></span> <span class='ocrx_word' id='word_1_887' title='bbox 3599 5177 3859 5234; x_wconf 78' lang='lat' dir='ltr'><strong>attulisset</strong></span> <span class='ocrx_word' id='word_1_888' title='bbox 3868 5222 3882 5241; x_wconf 83' lang='lat'><em>.</em></span> <span class='ocrx_word' id='word_1_889' title='bbox 3912 5191 3983 5232; x_wconf 87' lang='lat' dir='ltr'><strong>at-</strong></span> 
     </span>
    </p>
   </div>
   <div class='ocr_carea' id='block_1_119' title="bbox 2392 5245 3983 5319">
    <p class='ocr_par' dir='ltr' id='par_1_119' title="bbox 2392 5245 3983 5319">
     <span class='ocr_line' id='line_1_120' title="bbox 2392 5245 3983 5319; baseline 0.002 -19"><span class='ocrx_word' id='word_1_890' title='bbox 2392 5245 2491 5317; x_wconf 78' lang='lat' dir='ltr'><strong>que</strong></span> <span class='ocrx_word' id='word_1_891' title='bbox 2521 5249 2582 5301; x_wconf 88' lang='lat' dir='ltr'><strong>ab</strong></span> <span class='ocrx_word' id='word_1_892' title='bbox 2636 5245 2851 5301; x_wconf 84' lang='lat' dir='ltr'><strong>ostiario</strong></span> <span class='ocrx_word' id='word_1_893' title='bbox 2873 5245 3244 5319; x_wconf 75' lang='lat' dir='ltr'><strong>prohiberetur,</strong></span> <span class='ocrx_word' id='word_1_894' title='bbox 3275 5258 3376 5302; x_wconf 85' lang='lat' dir='ltr'><strong>tam</strong></span> <span class='ocrx_word' id='word_1_895' title='bbox 3411 5251 3511 5316; x_wconf 86' lang='lat' dir='ltr'><strong>pie,</strong></span> <span class='ocrx_word' id='word_1_896' title='bbox 3544 5260 3693 5312; x_wconf 82' lang='lat' dir='ltr'><strong>atque</strong></span> <span class='ocrx_word' id='word_1_897' title='bbox 3741 5251 3983 5303; x_wconf 84' lang='lat' dir='ltr'><strong>obedien-</strong></span> 
     </span>
    </p>
   </div>
   <div class='ocr_carea' id='block_1_120' title="bbox 2397 5315 3981 5388">
    <p class='ocr_par' dir='ltr' id='par_1_120' title="bbox 2397 5315 3981 5388">
     <span class='ocr_line' id='line_1_121' title="bbox 2397 5315 3981 5388; baseline 0.003 -18"><span class='ocrx_word' id='word_1_898' title='bbox 2397 5315 2475 5370; x_wconf 86' lang='lat' dir='ltr'><strong>ter</strong></span> <span class='ocrx_word' id='word_1_899' title='bbox 2501 5319 2737 5386; x_wconf 67' lang='lat' dir='ltr'><strong>amplexa</strong></span> <span class='ocrx_word' id='word_1_900' title='bbox 2762 5315 2984 5383; x_wconf 59' lang='lat' dir='ltr'><strong>est,&#39;etc.</strong></span> <span class='ocrx_word' id='word_1_901' title='bbox 3025 5315 3208 5383; x_wconf 60' lang='lat' dir='ltr'><strong>Itaque</strong></span> <span class='ocrx_word' id='word_1_902' title='bbox 3228 5319 3311 5371; x_wconf 84' lang='lat' dir='ltr'><strong>ubi</strong></span> <span class='ocrx_word' id='word_1_903' title='bbox 3351 5315 3616 5388; x_wconf 66' lang='lat' dir='ltr'><strong>comperit,</strong></span> <span class='ocrx_word' id='word_1_904' title='bbox 3654 5336 3686 5372; x_wconf 88' lang='lat' dir='ltr'><strong>a</strong></span> <span class='ocrx_word' id='word_1_905' title='bbox 3728 5323 3981 5387; x_wconf 66' lang='lat' dir='ltr'><strong>praclaro</strong></span> 
     </span>
    </p>
   </div>
   <div class='ocr_carea' id='block_1_121' title="bbox 2393 5388 3983 5459">
    <p class='ocr_par' dir='ltr' id='par_1_121' title="bbox 2393 5388 3983 5459">
     <span class='ocr_line' id='line_1_122' title="bbox 2393 5388 3983 5459; baseline 0.003 -20"><span class='ocrx_word' id='word_1_906' title='bbox 2393 5389 2722 5456; x_wconf 65' lang='lat' dir='ltr'><strong>praedicatore</strong></span> <span class='ocrx_word' id='word_1_907' title='bbox 2749 5398 2902 5456; x_wconf 86' lang='lat' dir='ltr'><strong>atque</strong></span> <span class='ocrx_word' id='word_1_908' title='bbox 2950 5388 3174 5459; x_wconf 83' lang='lat' dir='ltr'><strong>antistite</strong></span> <span class='ocrx_word' id='word_1_909' title='bbox 3202 5390 3219 5456; x_wconf 91' lang='lat'>(</span> <span class='ocrx_word' id='word_1_910' title='bbox 3247 5389 3529 5443; x_wconf 80' lang='lat' dir='ltr'><strong>Ambrosio</strong></span> <span class='ocrx_word' id='word_1_911' title='bbox 3559 5391 3575 5449; x_wconf 81' lang='lat' dir='ltr'><strong>l</strong></span> <span class='ocrx_word' id='word_1_912' title='bbox 3606 5391 3811 5451; x_wconf 81' lang='lat' dir='ltr'><strong>pietatis</strong></span> <span class='ocrx_word' id='word_1_913' title='bbox 3852 5406 3983 5459; x_wconf 67' lang='lat' dir='ltr'><strong>prte-</strong></span> 
     </span>
    </p>
   </div>
   <div class='ocr_carea' id='block_1_122' title="bbox 2393 5458 3983 5530">
    <p class='ocr_par' dir='ltr' id='par_1_122' title="bbox 2393 5458 3983 5530">
     <span class='ocr_line' id='line_1_123' title="bbox 2393 5458 3983 5530; baseline 0.003 -21"><span class='ocrx_word' id='word_1_914' title='bbox 2393 5469 2591 5530; x_wconf 78' lang='lat' dir='ltr'><strong>ceptum</strong></span> <span class='ocrx_word' id='word_1_915' title='bbox 2621 5473 2748 5523; x_wconf 84' lang='lat' dir='ltr'><strong>esse,</strong></span> <span class='ocrx_word' id='word_1_916' title='bbox 2775 5458 2875 5512; x_wconf 87' lang='lat' dir='ltr'><strong>ista</strong></span> <span class='ocrx_word' id='word_1_917' title='bbox 2892 5458 3005 5530; x_wconf 67' lang='lat' dir='ltr'><strong>non</strong></span> <span class='ocrx_word' id='word_1_918' title='bbox 3045 5458 3177 5526; x_wconf 74' lang='lat' dir='ltr'><strong>fieri,</strong></span> <span class='ocrx_word' id='word_1_919' title='bbox 3208 5475 3271 5511; x_wconf 85' lang='lat' dir='ltr'><strong>ne</strong></span> <span class='ocrx_word' id='word_1_920' title='bbox 3300 5460 3405 5512; x_wconf 83' lang='lat' dir='ltr'><strong>ulla</strong></span> <span class='ocrx_word' id='word_1_921' title='bbox 3444 5462 3642 5512; x_wconf 73' lang='lat' dir='ltr'><strong>occasio</strong></span> <span class='ocrx_word' id='word_1_922' title='bbox 3672 5476 3727 5513; x_wconf 89' lang='lat' dir='ltr'><strong>se</strong></span> <span class='ocrx_word' id='word_1_923' title='bbox 3750 5461 3983 5530; x_wconf 80' lang='lat' dir='ltr'><strong>ingurgi-</strong></span> 
     </span>
    </p>
   </div>
   <div class='ocr_carea' id='block_1_123' title="bbox 2395 5527 3983 5599">
    <p class='ocr_par' dir='ltr' id='par_1_123' title="bbox 2395 5527 3983 5599">
     <span class='ocr_line' id='line_1_124' title="bbox 2395 5527 3983 5599; baseline 0.003 -19"><span class='ocrx_word' id='word_1_924' title='bbox 2395 5528 2539 5580; x_wconf 86' lang='lat' dir='ltr'><strong>tandi</strong></span> <span class='ocrx_word' id='word_1_925' title='bbox 2559 5527 2770 5599; x_wconf 86' lang='lat' dir='ltr'><strong>daretur</strong></span> <span class='ocrx_word' id='word_1_926' title='bbox 2794 5527 3025 5599; x_wconf 82' lang='lat' dir='ltr'><strong>ebriosis,</strong></span> <span class='ocrx_word' id='word_1_927' title='bbox 3056 5536 3104 5578; x_wconf 79' lang='lat' dir='ltr'><strong>et</strong></span> <span class='ocrx_word' id='word_1_928' title='bbox 3134 5531 3253 5598; x_wconf 85' lang='lat' dir='ltr'><strong>quia</strong></span> <span class='ocrx_word' id='word_1_929' title='bbox 3281 5531 3373 5581; x_wconf 81' lang='lat' dir='ltr'><strong>illa</strong></span> <span class='ocrx_word' id='word_1_930' title='bbox 3396 5533 3543 5599; x_wconf 76' lang='lat' dir='ltr'><strong>quasi</strong></span> <span class='ocrx_word' id='word_1_931' title='bbox 3573 5527 3863 5596; x_wconf 83' lang='lat' dir='ltr'><strong>parentalia</strong></span> <span class='ocrx_word' id='word_1_932' title='bbox 3902 5527 3983 5583; x_wconf 80' lang='lat' dir='ltr'><strong>sn-</strong></span> 
     </span>
    </p>
   </div>
   <div class='ocr_carea' id='block_1_124' title="bbox 2392 5598 3979 5668">
    <p class='ocr_par' dir='ltr' id='par_1_124' title="bbox 2392 5598 3979 5668">
     <span class='ocr_line' id='line_1_125' title="bbox 2392 5598 3979 5668; baseline 0.003 -19"><span class='ocrx_word' id='word_1_933' title='bbox 2392 5598 2681 5667; x_wconf 86' lang='lat' dir='ltr'><strong>perstitioni</strong></span> <span class='ocrx_word' id='word_1_934' title='bbox 2704 5598 2970 5668; x_wconf 81' lang='lat' dir='ltr'><strong>gentilium</strong></span> <span class='ocrx_word' id='word_1_935' title='bbox 2988 5610 3150 5651; x_wconf 75' lang='lat' dir='ltr'><strong>essent</strong></span> <span class='ocrx_word' id='word_1_936' title='bbox 3165 5600 3451 5663; x_wconf 71' lang='lat' dir='ltr'><strong>simillima,</strong></span> <span class='ocrx_word' id='word_1_937' title='bbox 3475 5600 3725 5654; x_wconf 70' lang='lat' dir='ltr'><strong>abstinuit</strong></span> <span class='ocrx_word' id='word_1_938' title='bbox 3744 5619 3799 5655; x_wconf 83' lang='lat' dir='ltr'><strong>se</strong></span> <span class='ocrx_word' id='word_1_939' title='bbox 3820 5602 3979 5655; x_wconf 76' lang='lat' dir='ltr'><strong>libea-</strong></span> 
     </span>
    </p>
   </div>
   <div class='ocr_carea' id='block_1_125' title="bbox 2397 5668 3977 5741">
    <p class='ocr_par' dir='ltr' id='par_1_125' title="bbox 2397 5668 3977 5741">
     <span class='ocr_line' id='line_1_126' title="bbox 2397 5668 3977 5741; baseline 0.004 -24"><span class='ocrx_word' id='word_1_940' title='bbox 2397 5668 2612 5741; x_wconf 65' lang='lat' dir='ltr'><strong>tissime,</strong></span> <span class='ocrx_word' id='word_1_941' title='bbox 2642 5678 2698 5741; x_wconf 69' lang='lat' dir='ltr'><strong>et</strong></span> <span class='ocrx_word' id='word_1_942' title='bbox 2716 5684 2809 5731; x_wconf 88' lang='lat' dir='ltr'><strong>pro</strong></span> <span class='ocrx_word' id='word_1_943' title='bbox 2835 5668 3058 5741; x_wconf 77' lang='lat' dir='ltr'><strong>canistro</strong></span> <span class='ocrx_word' id='word_1_944' title='bbox 3082 5669 3227 5737; x_wconf 73' lang='lat' dir='ltr'><strong>pleno</strong></span> <span class='ocrx_word' id='word_1_945' title='bbox 3262 5671 3472 5741; x_wconf 70' lang='lat' dir='ltr'><strong>terrenis</strong></span> <span class='ocrx_word' id='word_1_946' title='bbox 3498 5670 3751 5740; x_wconf 75' lang='lat' dir='ltr'><strong>fructibus</strong></span> <span class='ocrx_word' id='word_1_947' title='bbox 3774 5679 3977 5741; x_wconf 76' lang='lat' dir='ltr'><strong>plenum</strong></span> 
     </span>
    </p>
   </div>
   <div class='ocr_carea' id='block_1_126' title="bbox 2391 5737 3975 5858">
    <p class='ocr_par' dir='ltr' id='par_1_126' title="bbox 2391 5737 3975 5858">
     <span class='ocr_line' id='line_1_127' title="bbox 2391 5737 3975 5858; baseline 0.005 -72"><span class='ocrx_word' id='word_1_948' title='bbox 2391 5737 2774 5858; x_wconf 50' lang='lat' dir='ltr'><strong>Illllt‘ftlelurlblll</strong></span> <span class='ocrx_word' id='word_1_949' title='bbox 2805 5738 2931 5793; x_wconf 78' lang='lat' dir='ltr'><strong>votis</strong></span> <span class='ocrx_word' id='word_1_950' title='bbox 2960 5750 3130 5808; x_wconf 79' lang='lat' dir='ltr'><strong>pectus</strong></span> <span class='ocrx_word' id='word_1_951' title='bbox 3152 5742 3216 5791; x_wconf 81' lang='lat' dir='ltr'><strong>ad</strong></span> <span class='ocrx_word' id='word_1_952' title='bbox 3235 5737 3504 5793; x_wconf 65' lang='lat' dir='ltr'><strong>tumuerint</strong></span> <span class='ocrx_word' id='word_1_953' title='bbox 3524 5737 3807 5813; x_wconf 73' lang='lat' dir='ltr'><strong>martyrum</strong></span> <span class='ocrx_word' id='word_1_954' title='bbox 3829 5744 3975 5810; x_wconf 75' lang='lat' dir='ltr'><strong>affer-</strong></span> 
     </span>
     <span class='ocr_line' id='line_1_128' title="bbox 2391 5817 2739 5858; baseline 0 0"><span class='ocrx_word' id='word_1_955' title='bbox 2391 5824 2446 5858; x_wconf 78' lang='lat' dir='ltr'><strong>re</strong></span> <span class='ocrx_word' id='word_1_956' title='bbox 2509 5825 2521 5858; x_wconf 78' lang='grc' dir='ltr'><em>ι</em></span> <span class='ocrx_word' id='word_1_957' title='bbox 2563 5817 2739 5858; x_wconf 81' lang='lat' dir='ltr'><strong>icerat.</strong></span> 
     </span>
    </p>
   </div>
   <div class='ocr_carea' id='block_1_127' title="bbox 2390 5808 2739 5859">
    <p class='ocr_par' dir='ltr' id='par_1_127' title="bbox 2390 5808 2739 5859">
     <span class='ocr_line' id='line_1_129' title="bbox 2390 5808 2739 5859; baseline -0.003 0"><span class='ocrx_word' id='word_1_958' title='bbox 2390 5824 2446 5859; x_wconf 79' lang='lat' dir='ltr'><strong>re</strong></span> <span class='ocrx_word' id='word_1_959' title='bbox 2473 5808 2739 5859; x_wconf 83' lang='lat' dir='ltr'><strong>didicerat.</strong></span> 
     </span>
    </p>
   </div>
  </div>
