4250 6412
197 441 296 496 σω

195 654 282 700 cet
309 643 436 714 quia
464 655 662 710 corpus
690 655 780 694 uas
827 636 1014 691 animo
1049 631 1411 705 appellabant.
1457 627 1594 684 Vide
1642 640 1798 683 com-

196 745 362 791 ment.
392 734 462 788 ad
485 732 673 806 bymn.
701 743 774 784 vn
800 727 959 782 Catii.
988 739 1040 783 ν.
1075 724 1200 780 190.

265 826 392 883 169.
417 823 594 881 Aliam
623 823 694 878 de
747 819 967 876 nomine
997 817 1147 874 litem
1211 822 1433 870 movent
1500 809 1742 867 nonnulli
1777 853 1793 878 ,

197 916 338 985 quod
366 915 692 971 Prudentius
733 910 973 966 animant
1014 908 1322 963 elementum
1378 899 1794 971 nuncupaverit,

197 1007 317 1062 eod.
348 1006 537 1078 bymu.
572 1001 888 1073 Exsequias.
917 999 1014 1056 v.l
1045 994 1486 1066 elseqq.:Daus,
1513 993 1660 1064 ignee
1680 992 1797 1060 fons

197 1099 511 1165 animarum,
545 1097 773 1168 Dstoqui
821 1094 1027 1149 socians
1075 1091 1347 1154 elementa,
1412 1087 1590 1140 l’ioum
1643 1084 1797 1139 simul

197 1206 258 1244 ac
287 1189 649 1243 moribundum
698 1184 994 1248 Hominem,
1020 1179 1200 1247 Pater,
1232 1178 1484 1249 efﬁgiasti.
1517 1177 1631 1243 Qua
1661 1187 1797 1229 voce

198 1295 353 1335 usum
379 1295 592 1351 quoque
613 1276 946 1332 Lactantium
973 1289 1083 1329 non
1112 1272 1412 1327 dillitentur
1434 1270 1529 1324 lib.
1558 1282 1639 1332 ttt,
1669 1279 1792 1335 cap.

196 1373 270 1431 6:
297 1373 528 1430 Scientia
555 1374 616 1438 ita
637 1371 779 1426 nobis
807 1369 871 1423 ab
899 1369 1074 1422 animo
1107 1372 1204 1430 est,
1253 1363 1342 1434 qui
1368 1363 1533 1416 oritur
1560 1377 1588 1415 e
1629 1359 1796 1413 calo:

195 1467 450 1538 ignoratio
497 1480 530 1518 a
570 1477 806 1532 corpore,
840 1459 980 1530 quod
1024 1468 1149 1513 este
1190 1466 1349 1511 terra.
1407 1453 1559 1509 Unde
1579 1453 1724 1507 nobis
1744 1459 1794 1506 et

193 1576 306 1613 cum
324 1558 458 1627 Deo,
473 1567 657 1611 etcum
680 1553 1012 1618 animalibus,
1028 1561 1102 1606 est
1122 1549 1300 1620 aliqua
1318 1549 1680 1602 communitas.
1706 1544 1736 1599 1
1740 1557 1792 1599 ta

193 1655 437 1724 quoniam
453 1649 608 1706 exilis
622 1648 822 1704 duobus
837 1656 1130 1712 constamus
1153 1645 1414 1698 elementis
1425 1657 1650 1713 quorum
1666 1640 1792 1694 alte-

191 1746 434 1798 rumluce
446 1743 717 1809 prteditum
739 1749 812 1795 est
821 1781 836 1806 ,
852 1737 1325 1805 alterumtenebris,
1353 1752 1476 1804 pars
1506 1736 1651 1790 nobis
1667 1734 1790 1788 data

191 1848 263 1892 est
287 1837 544 1904 scientia,
589 1851 709 1905 pars
756 1833 1081 1904 ignorantiae.
1128 1829 1378 1886 Barthius
1409 1829 1513 1884 loc.
1563 1829 1656 1882 cit.
1713 1827 1788 1882 ait

1583 421 2120 483 PROLEGOMENA.

195 549 484 607 Christiani
513 549 762 619 liquorem
783 558 981 602 vocare
1035 547 1322 612 potuerunt
1364 543 1623 604 animam,
1647 534 1798 592 scili-
1823 539 1877 598 Α

3394 423 3502 483 698

2495 532 2726 594 CAPUT
2766 534 2908 593 XVI.

1901 690 2178 746 Faveritne
2205 688 2523 745 Prudentius
2555 689 2899 762 Pythagoreis
2927 697 2977 745 st
3010 689 3316 745 Haniclueis
3344 706 3499 762 super

1971 763 2278 818 abstinentia
2302 778 2334 814 a
2359 762 2624 828 carnibus,
2669 778 2739 832 an
2761 760 3176 816 lanichteorum
3199 760 3501 832 argumenta

1972 835 2037 889 de
2062 835 2265 888 duobus
2294 832 2562 902 principiis
2598 830 2772 886 valide
2797 833 3051 887 everterit.

1970 1013 2096 1070 170.
2132 1012 2272 1068 Ecce
2302 1011 2495 1066 iterum
2516 1009 2778 1074 Clericus,
2806 1009 2897 1080 qui
2921 1007 3273 1064 Prudentium
3302 1009 3369 1065 ad
3393 1009 3501 1082 Py-

1899 1103 2243 1175 thagorcismi
2281 1110 2338 1158 et
2368 1101 2754 1157 Ilanicha'ismi
2783 1115 3029 1157 errorem
3075 1101 3144 1157 de
3171 1102 3499 1157 abstinentia

1896 1212 1928 1252 a
1957 1194 2212 1252 carnibus
2257 1194 2554 1249 acet-ssisse
2595 1192 2895 1248 contendit.
2945 1191 3159 1264 Hymno
3201 1192 3424 1248 Catber.
3467 1195 3503 1249 5

1896 1291 2038 1344 Ante
2065 1286 2270 1353 cibum,
2318 1299 2463 1340 vers.
2497 1284 2587 1350 56,
2621 1283 2737 1339 lucc
2778 1283 2940 1338 habet
2968 1282 3295 1338 Prudentius
3326 1300 3339 1337 :
3376 1283 3504 1338 [lac

1900 1379 2167 1448 opulentia
2187 1375 2512 1437 Christicolis
2538 1376 2725 1443 Serpit,
2750 1384 2799 1430 et
2825 1376 3000 1430 omnia
3023 1377 3335 1448 suppeditat.
3362 1378 3504 1433 Absit

1895 1469 2032 1523 enim
2051 1469 2235 1540 procul
2256 1468 2350 1522 illa
2366 1468 2550 1538 fames,
2572 1466 2810 1522 Cardibus
2837 1477 2891 1522 stt
2912 1467 3169 1537 pecudum
3191 1468 3344 1523 libeat
3364 1468 3505 1525 Son.

1894 1561 2108 1631 guineas
2153 1562 2383 1615 lacerare
2421 1559 2613 1625 dapes!
2649 1559 2769 1616 Sint
2813 1561 2924 1631 fera
2963 1561 3200 1632 gentibus
3240 1562 3504 1618 indomitis

1903 1651 2131 1707 Prandia
2155 1653 2221 1707 de
2247 1668 2367 1706 nece
2406 1651 2802 1722 quadrupedum
2832 1667 2852 1706 :
2882 1651 2997 1707 Nos
3024 1651 3182 1707 oleris
3207 1669 3376 1719 coma,
3409 1671 3459 1708 ns
3479 1670 3504 1709 s

1893 1749 2106 1817 siliqua,
2148 1745 2280 1802 Fita
2321 1745 2579 1816 legumine
2616 1745 2954 1810 multimodo,
3002 1743 3210 1801 Parerit
3263 1748 3503 1801 innocuis

1892 1839 2078 1908 epulis.
2110 1839 2264 1894 Solet
2292 1854 2389 1893 usu
2421 1837 2524 1893 hoc
2551 1837 2792 1904 evenire,
2819 1847 2878 1890 ut
2901 1835 2991 1906 qui
3023 1850 3240 1891 errores
3271 1836 3503 1892 libenter

192 1931 538 1987 Prudentium
561 1931 806 1983 elementa
829 1925 1087 1998 principia
1113 1924 1317 1979 dixisse
1358 1922 1572 1978 etbniea
1606 1920 1786 1990 phrasi
1821 1919 1868 1980 Β
1895 1930 1993 1998 ipsi
2034 1929 2432 1999 amplectuntur
2470 1927 2770 1996 praesertim
2817 1928 2868 1982 in
2913 1928 3074 1982 rehus
3109 1927 3255 1994 lidei,
3297 1930 3350 1983 in
3380 1929 3504 1984 aliis

188 2040 251 2078 ex
283 2024 532 2087 Alcinoo,
566 2019 810 2090 Epicteto
843 2027 897 2073 et
929 2005 1204 2086 Euripide.
1257 2015 1368 2084 Ego
1395 2013 1572 2083 potius
1601 2011 1775 2066 dicam

192 2115 346 2188 1&5
385 2130 507 2170 eam
565 2112 786 2184 phrasin
839 2125 962 2166 esse
993 2109 1261 2165 Latinam.
1314 2107 1538 2173 Cicero,
1613 2104 1782 2160 Acad.

187 2209 391 2274 Quaest.
411 2247 426 2271 ,
452 2222 507 2274 ι).
535 2207 637 2262 με
672 2203 813 2276 Ergo
837 2204 931 2257 illa
959 2204 1107 2257 initia
1131 2211 1198 2265 et,
1229 2211 1286 2254 ut
1308 2217 1336 2254 e
1370 2199 1550 2255 Graeco
1573 2209 1784 2267 vertam,

186 2300 456 2354 elementa.
514 2298 605 2355 Sic
629 2297 788 2369 vulgo
857 2296 1106 2351 elementa
1194 2310 1493 2365 puerorum,
1541 2295 1789 2348 elementa

189 2391 452 2462 loquendi,
485 2391 734 2444 elementa
777 2388 1092 2443 dialectices.
1132 2388 1242 2443 Cur
1303 2402 1434 2458 ergo
1485 2385 1633 2441 initia
1691 2399 1787 2439 seu

190 2482 449 2551 principia
480 2477 712 2535 boininis
738 2494 844 2534 nou
873 2478 1213 2548 appellentur
1241 2475 1552 2533 elementa?
1607 2475 1789 2545 Itaque

189 2583 245 2627 ttt
295 2574 642 2629 Prudentium
686 2583 956 2640 tueamur,
997 2569 1131 2626 nihil
1204 2583 1340 2639 opus
1388 2579 1470 2623 est
1499 2567 1788 2638 coniugi-re

185 2665 248 2718 atl
275 2679 483 2733 eaqua:
513 2664 735 2719 Huet'us
776 2664 1016 2730 disputat
1054 2661 1108 2716 iu
1159 2660 1528 2730 Origenianis,
1577 2659 1671 2713 lib.
1723 2673 1785 2724 tt,

185 2769 304 2819 cap.
334 2755 609 2821 2,qu:est.
649 2754 703 2820 ϐ,
750 2769 901 2810 nutu.
962 2752 1048 2818 14,
1079 2752 1169 2807 ubi
1232 2766 1472 2806 errorem
1518 2752 1784 2820 Origeni‘,

184 2846 272 2914 qui
299 2859 532 2915 corpora
561 2845 756 2900 animis
775 2844 1016 2911 ascribit,
1050 2857 1316 2898 excusare
1339 2843 1472 2909 vult,
1499 2845 1622 2912 quia
1652 2858 1788 2896 non-

184 2937 308 2991 dum
331 2936 532 2992 veritas
566 2936 822 2991 Ecclesia:
849 2936 1068 2990 decreto
1107 2943 1224 2988 erat
1267 2933 1509 2998 deﬁnita,
1541 2945 1596 2990 et
1643 2935 1785 2989 idem

183 3029 353 3084 visum
378 3029 481 3082 fuit
501 3027 856 3093 Tertulliauo,
882 3025 939 3082 S.
975 3025 1178 3082 Hilario
1209 3026 1261 3081 in
1304 3026 1494 3082 Matth.
1527 3040 1648 3095 cap.
1708 3028 1784 3092 ὃς

185 3123 473 3178 Ambrosio
513 3121 609 3177 lib.
641 3137 679 3176 tt
723 3120 793 3177 de
835 3121 1147 3187 Abraham,
1207 3135 1326 3188 cap.
1398 3117 1470 3184 8;
1501 3118 1783 3184 Cassiano,

185 3214 367 3272 collat.
399 3216 455 3280 7,
475 3228 595 3284 cap.
618 3214 686 3270 l5
703 3253 721 3279 ,
743 3212 1025 3268 Theodoto
1057 3212 1110 3266 in
1133 3204 1422 3280 Escerptis
1445 3211 1512 3264 ad
1538 3211 1786 3265 Clemen-

186 3305 254 3359 tis
289 3282 642 3359 Alexandrini
681 3302 883 3358 calcem
937 3301 1192 3372 adjectis;
1256 3301 1527 3357 Methodio
1559 3345 1573 3370 ,
1638 3304 1779 3370 apud
1808 3282 1856 3347 ε

186 3395 436 3456 Pltotium
481 3394 763 3461 cod.235;
811 3394 1012 3451 Fausw
1059 3394 1342 3465 Regiensi,
1391 3394 1635 3465 aliisque.
1670 3397 1783 3462 Qua

186 3502 311 3544 vero
370 3487 582 3543 ratione
619 3485 830 3541 animus
878 3501 909 3540 a
956 3484 1251 3542 Prudentia
1306 3487 1487 3557 igneus
1526 3500 1580 3542 et
1652 3489 1787 3559 ignis

179 3580 411 3646 dicatur,
431 3579 487 3634 in
507 3578 910 3634 commentariis
961 3587 1262 3648 exponetur
1299 3581 1636 3650 :nequeu'la
1683 3598 1785 3654 pe-

179 3669 401 3724 culiaris
457 3669 508 3722 in
558 3668 661 3723 hoc
704 3680 787 3724 est
820 3667 1138 3736 difﬁcultas,
1207 3684 1330 3724 cum
1387 3672 1563 3739 ipsum
1609 3673 1778 3728 Deum

177 3761 379 3829 igneum
404 3774 550 3827 saepe
570 3759 942 3829 appellaverit.
971 3759 1196 3815 Veteres
1246 3763 1487 3816 nonnu'li
1520 3773 1778 3831 putarunt

179 3865 368 3905 reveta
397 3849 632 3904 animam
656 3863 775 3905 csse
811 3849 1014 3921 ignem,
1039 3859 1093 3906 et
1123 3850 1322 3906 idcirco
1352 3853 1454 3908 dici
1505 3853 1775 3910 hominem

177 3939 435 4012 exstingui
457 3955 578 3995 cum
610 3939 856 4006 moritur,
904 3951 956 3996 et
1003 3942 1078 3996 illi
1119 3957 1254 4011 aqua
1298 3951 1352 3996 et
1393 3945 1499 4014 igni
1529 3945 1776 4001 interdici

177 4050 299 4088 cum
330 4033 528 4088 exsilio
555 4031 906 4101 multabatur,
947 4033 1142 4102 quibus
1207 4034 1391 4089 verbis
1441 4038 1645 4104 minor,
1679 4052 1777 4094 seu

177 4125 352 4180 media
381 4123 572 4194 capitis
590 4123 876 4180 diminutio
905 4125 1306 4194 signiﬁcabatur
1330 4144 1343 4179 :
1393 4128 1547 4197 quasi
1577 4145 1776 4200 corpus

175 4232 242 4271 ex
268 4230 410 4286 aqua
434 4230 530 4271 seu
555 4213 802 4284 humore,
859 4216 1037 4270 anima
1082 4232 1145 4270 es
1174 4217 1294 4287 igne
1346 4228 1641 4274 constaret.
1672 4220 1776 4274 Alii

177 4315 314 4370 hanc
353 4314 621 4369 insaniam
640 4312 984 4382 addiderunt,
1008 4330 1177 4384 grave
1216 4329 1337 4371 esse
1360 4319 1536 4386 perire
1563 4319 1778 4372 naufra-

173 4410 284 4482 gio,
315 4411 460 4479 quod
493 4410 669 4462 anima
711 4418 858 4464 esset
883 4409 1040 4471 i-nis,
1065 4411 1308 4478 adeoque
1358 4413 1592 4467 maxime
1621 4429 1776 4483 aqua:

1891 2020 2177 2090 diligenter
2199 2018 2359 2091 ιω
2371 2032 2590 2074 errores
2609 2017 3020 2088 deprehendere
3042 2028 3328 2084 conentur,
3346 2021 3501 2088 quasi

1890 2112 2066 2167 socios
2114 2111 2215 2166 sibi
2262 2118 2502 2180 quaerant
2548 2120 2604 2166 et
2645 2110 2961 2181 adiungant.
3015 2110 3345 2166 Prudentius
3393 2111 3498 2167 hoc

1891 2203 2094 2274 hymno
2125 2203 2178 2260 id
2210 2220 2376 2258 unum
2403 2204 2536 2274 agit,
2578 2212 2634 2258 ut
2662 2202 3002 2259 Christianos
3040 2205 3108 2258 ad
3138 2221 3260 2260 cum
3292 2221 3502 2262 morem

1891 2295 2160 2363 hortetur,
2192 2296 2283 2366 qui
2323 2295 2464 2350 inter
2501 2296 2647 2366 ipsos
2684 2304 2812 2351 tunc
2851 2297 3114 2365 temporis
3156 2296 3317 2353 Valde
3346 2314 3501 2354 com~

1890 2388 2068 2446 munis
2093 2396 2234 2452 erat,
2261 2397 2317 2442 ut
2344 2387 2482 2441 cibis
2505 2386 2883 2441 innocentibus
2905 2389 3169 2455 contenti,
3191 2403 3220 2442 a
3247 2390 3504 2444 carnibus

1889 2477 2298 2550 quadrupedum
2337 2477 2701 2542 abstinerent,
2735 2493 2844 2532 non
2873 2477 3020 2548 quod
3050 2478 3135 2533 bis
3162 2480 3309 2536 vesci
3341 2493 3504 2552 nv‘gct

1891 2570 2076 2632 lcerc,
2106 2571 2200 2624 sed
2229 2569 2354 2640 quia
2387 2571 2583 2624 melius
2613 2576 2699 2624 est
2729 2585 2834 2623 non
2868 2569 3038 2625 vesci.
3071 2570 3288 2626 Nullum
3317 2573 3499 2629 cibum

1890 2662 2216 2720 Christianis
2253 2663 2478 2718 vetitum
2509 2678 2634 2718 esse
2665 2663 2806 2718 haud
2837 2664 3070 2720 ohscute
3097 2674 3225 2721 ante
3254 2666 3503 2725 innuerat

1892 2777 2037 2818 vers.
2069 2761 2128 2816 ll
2170 2769 2226 2816 et
2270 2775 2425 2830 seqq.
2455 2779 2468 2813 :
2503 2759 2573 2815 Te
2605 2761 2717 2814 sine
2744 2761 2895 2815 dulce
2923 2760 3073 2821 nihil.
3118 2758 3354 2831 Domine,
3392 2763 3504 2818 Nec

1880 2858 2036 2926 juvat
2067 2871 2156 2909 ore
2200 2854 2327 2924 quid
2355 2863 2620 2924 appetere,
2653 2851 2852 2906 Pocula
2881 2855 2938 2907 ni
2968 2855 3134 2923 prius,
3163 2865 3316 2925 atque
3339 2857 3500 2921 cibos,

1889 2945 2111 3013 Christe,
2131 2958 2249 3001 tuus
2266 2947 2415 3016 fauor
2435 2947 2690 3014 imbuerit,
2714 2947 2887 3002 Ouxts
2910 2961 3333 3007 SANCTIFICANTB
3355 2966 3499 3005 FIDE.

1889 3040 2095 3107 Quibus
2127 3038 2418 3109 postremis
2446 3039 2632 3094 verbis
2664 3039 2856 3093 alludit
2885 3049 2980 3094 aut
3027 3041 3093 3094 ad
3121 3052 3285 3110 caput
3314 3059 3345 3097 ι
3378 3046 3500 3099 Act.

1889 3141 2090 3204 apost.,
2109 3147 2254 3189 vers.
2278 3133 2337 3187 ll
2357 3132 2460 3201 (a),
2484 3143 2578 3188 aut
2596 3132 2662 3187 ad
2686 3142 2848 3204 caput
2868 3148 2955 3188 stv
2969 3134 3107 3204 epist
3151 3135 3217 3192 ad
3241 3135 3498 3207 Romam,

1890 3240 2033 3280 vers.
2062 3225 2134 3280 20
2164 3224 2266 3294 (lt).

1962 3320 2085 3374 171.
2115 3318 2395 3374 Ρι-υάεηιτί
2421 3327 2577 3375 mens
2603 3320 2803 3376 clarius
2827 3319 3150 3393 intelligitui'
3172 3339 3238 3380 ex
3287 3325 3501 3381 ratione

1891 3426 2050 3478 quant
2100 3409 2361 3479 subiicit,
2416 3426 2516 3465 cur
2549 3412 2665 3466 Deo
2709 3414 2912 3481 gratias
2953 3429 3116 3484 agere
3152 3417 3448 3471 debeamus
3484 3438 3496 3472 :

1888 3499 2012 3570 Ipse
2030 3501 2374 3572 ltominiquia
2398 3512 2580 3555 cuncta
2601 3501 2764 3568 dedit,
2787 3503 2919 3571 Quae
2940 3506 3178 3574 capimus
3201 3507 3502 3563 dominante

1886 3610 2065 3654 manu,
2103 3592 2234 3660 Qua:
2262 3593 2438 3664 polus,
2469 3603 2560 3648 aut
2590 3595 2794 3659 humus,
2827 3605 2916 3649 aut
2949 3596 3163 3670 pelagus
3189 3600 3337 3666 Aere,
3369 3617 3498 3671 gur-

1883 3687 2018 3760 gite,
2036 3705 2157 3743 rure
2183 3697 2378 3753 creant,
2413 3687 2546 3743 Hice
2571 3690 2698 3743 mihi
2728 3690 2978 3755 subdidit,
3008 3703 3056 3746 et
3080 3693 3178 3748 sibi
3204 3710 3306 3748 me.
3354 3696 3498 3751 inter

1882 3793 1946 3834 ea
1977 3795 2105 3835 vero
2133 3794 2253 3849 qum
2280 3781 2422 3835 Deus
2451 3781 2653 3837 hami-ai
2681 3783 2940 3847 subdidit,
2971 3785 3038 3839 ad
3060 3787 3494 3846 Christianorum

1881 3871 2060 3925 cibum
2101 3871 2281 3941 seligit
2318 3887 2446 3928 aves
2480 3880 2536 3928 et
2571 3873 2752 3944 pisces
2785 3875 2878 3946 (c).
2923 3876 3059 3932 Tum
3093 3879 3241 3934 addit
3286 3879 3497 3938 fructus

1884 3972 2041 4020 terra
2070 3975 2123 4020 et
2150 3965 2427 4030 arborum,
2454 3981 2553 4022 nec
2585 3983 2691 4022 non
2721 3969 2803 4023 lac
2833 3981 2887 4025 et
2913 3988 3033 4042 quae
3062 3988 3126 4029 ex
3158 3976 3296 4031 lacte
3323 3979 3492 4032 multa

1885 4059 2000 4113 ﬁeri
2031 4058 2230 4114 solent.
2265 4059 2527 4132 Syrorum
2558 4076 2620 4115 ea
2653 4061 2751 4118 fuit
2781 4063 3078 4135 dementia,
3111 4077 3168 4122 ut
3198 4084 3224 4122 τι
3257 4071 3496 4137 ῃτεείὺιιε

1883 4161 1939 4204 et
1968 4166 1997 4204 a
2029 4151 2297 4207 columbis
2326 4153 2608 4223 religionis
2639 4169 2802 4210 causa
2836 4157 3195 4214 abstinerent.
3229 4161 3492 4233 llyginus,

1883 4242 2056 4297 labttla
2088 4242 2191 4298 l95
2232 4262 2246 4298 :
2279 4243 2355 4297 οδ
2394 4245 2451 4299 id
2489 4244 2615 4315 Syri
2661 4248 2824 4314 pisces
2867 4259 2915 4302 et
2953 4252 3240 4314 columbas,
3273 4272 3401 4309 uuas
3441 4257 3494 4312 in

1881 4337 2094 4390 deorum
2116 4353 2386 4391 numerum
2404 4337 2611 4402 habent,
2632 4356 2736 4394 non
2758 4341 2940 4397 edunt.
2965 4343 3258 4398 Christiani
3283 4357 3493 4404 veteres

1880 4428 2060 4496 pisces
2089 4442 2324 4498 avesque
2362 4429 2553 4490 eodem
2587 4430 2710 4486 loco
2741 4433 3039 4502 ponebant,
3070 4436 3214 4504 quod
3244 4452 3308 4492 ex
3338 4440 3492 4508 aquis

175 4502 470 4557 contraria.
499 4501 854 4600 Quam-longe
889 4503 957 4555 ab
985 4503 1068 4558 his
1094 4503 1299 4559 deliriis
1327 4505 1653 4562 Prudentius
1680 4509 1776 4563 ab-
1805 4526 1856 4586 ι)
1884 4527 1991 4573 tam
2017 4520 2268 4576 volucres
2290 4536 2451 4588 quam
2477 4522 2655 4591 pisces
2681 4501 2838 4578 natos
2858 4525 3046 4580 doceat
3066 4501 3294 4583 Genesis
3315 4501 3489 4600 cap.t,

177 4595 265 4660 sit,
283 4609 352 4650 ex
374 4593 626 4649 omnibus
641 4592 757 4657 eius
772 4595 1100 4652 carminibus
1124 4597 1446 4665 perspicitur
1462 4600 1766 4658 evidenter.

177 4750 450 4821 gniﬁcetttr
473 4749 668 4821 aliquid
698 4749 970 4814 invisibile,
1019 4760 1125 4806 etc.
1177 4752 1330 4821 Apud
1382 4765 1630 4811 auctores
1661 4759 1783 4814 lati-

178 4820 304 4898 nos-
329 4820 586 4898 liquidum
629 4836 736 4898 pro
769 4837 934 4898 puro”
967 4836 1114 4892 saepe
1153 4820 1406 4898 sumitur,
1470 4839 1527 4881 ut
1579 4830 1779 4898 liquida

176 4892 374 4971 oratio,
417 4899 474 4945 et
520 4891 1005 4971 similia._(§ptullus
1062 4896 1304 4950 carmine
1347 4897 1416 4952 de
1449 4891 1650 4970 Atyn.
1680 4903 1778 4971 46,

185 4961 508 5032 Liquida/iste
535 4971 696 5032 mente
712 4962 858 5014 vidit.

249 5030 329 5100 (α)
374 5031 441 5104 Et
465 5033 593 5104 uidit
624 5031 862 5102 (Petrus)
893 5034 1074 5086 ctrlum
1104 5045 1362 5104 apertum,
1393 5048 1442 5092 et
1466 5042 1776 5097 descendens

176 5118 263 5178 vos
299 5102 766 5178 quqddanhoe‘lut
806 5102 1319 5178 l:uteum_magnum,
1349 5102 1577 5178 quatuor
1613 5116 1776 5168 initiis

178 5175 404 5248 submitti
429 5173 492 5225 de
521 5175 647 5228 cwlo
678 5175 731 5226 in
762 5188 974 5248 terram.
1019 5175 1085 5230 lu
1112 5173 1211 5248 quo
1250 5173 1393 5232 erant
1435 5187 1605 5236 omnia
1641 5203 1773 5248 qua-

181 5245 456 5312 drupedia.
487 5255 533 5323 et
565 5247 817 5323 serpentia
845 5251 1016 5323 terrai,
1044 5257 1090 5300 et
1120 5245 1350 5323 uolatiliu
1379 5256 1513 5309 cm’i.
1549 5255 1611 5306 Et
1641 5245 1779 5323 facta

181 5325 251 5366 cst
293 5332 392 5368 r01:
429 5315 498 5366 ad
537 5331 650 5367 cum
685 5331 701 5368 :
733 5316 924 5383 Surge,
966 5315 1016 5368 Ρ.
1037 5329 1132 5382 tre,
1178 5322 1371 5384 occide,
1413 5339 1455 5375 et
1501 5315 1774 5381 imirdnca.

184 5388 264 5462 Ait
293 5396 470 5462 autem
498 5384 712 5448 Petrus;
735 5386 896 5451 Absit,
927 5387 1158 5462 Domine,
1184 5394 1300 5456 quia
1332 5410 1592 5462 nunquam
1625 5415 1775 5450 tuan-

180 5456 361 5510 ducavi
391 5472 540 5510 omne
577 5471 844 5509 commune
897 5469 944 5509 et
983 5459 1323 5514 immundum.
1376 5456 1568 5520 lit-vox
1598 5470 1777 5522 iterum

180 5528 500 5600 sccundoad
529 5543 644 5582 cum
675 5542 694 5581 :
728 5525 879 5592 Quod
910 5524 1049 5584 Deus
1079 5534 1398 5600 ρανὶῇεαιιὶι,
1430 5547 1482 5589 tu
1513 5555 1779 5592 commune

183 5610 240 5645 uc
263 5597 476 5651 dixeris.

252 5669 327 5745 (lt;
373 5667 506 5722 Noli
534 5679 744 5745 propter
773 5686 942 5724 escam
969 5672 1228 5727 destruere
1267 5692 1396 5745 opus
1429 5677 1544 5732 Dei.
1594 5679 1781 5734 Omnia

184 5741 388 5818 quidem
425 5749 544 5818 sunt
586 5743 815 5818 munda;
853 5746 941 5794 sed
981 5744 1173 5818 malum
1210 5741 1533 5813 est'ltomtui,
1568 5753 1654 5817 qui
1695 5770 1782 5818 per

187 5805 556 5872 oﬂi-tttliculum
607 5812 905 5866 tuattducat.
974 5813 1173 5868 Bonum
1213 5827 1287 5870 est
1325 5835 1428 5873 non
1468 5805 1782 5876 manducare

188 5888 388 5932 tument
433 5890 478 5932 et
509 5896 612 5934 nou
645 5879 807 5936 bibere
837 5884 1040 5954 riuum,
1071 5902 1231 5957 nequ:
1263 5890 1313 5942 in
1345 5907 1444 5958 quo
1476 5894 1636 5962 frater
1669 5903 1783 5946 tuus

1883 4624 2025 4666 vers.
2045 4609 2118 4667 ΞΟ
2132 4609 2232 4681 (d).
2258 4610 2334 4666 Es
2359 4627 2468 4681 quo
2489 4612 2546 4669 S.
2562 4614 2902 4681 Ambrosius,
2924 4616 3126 4686 hymno
3151 4618 3218 4675 ad
3241 4636 3494 4690 vesperas

1889 4763 2190 4848 omenditur,
2214 4777 2302 4820 aut
2334 4767 2738 4848 scandalizatur,
2771 4784 2862 4826 aut
2887 4773 3201 4848 inﬁrmatur.
3227 4777 3306 4831 Tu
3337 4780 3495 4848 ﬁdem

1886 4836 2042 4914 [tabes
2061 4837 2085 4889 ξ)
2102 4853 2258 4914 penes
2279 4839 2754 4914 temetipsum/tabe
2772 4836 2954 4896 coram'
2972 4845 3081 4900 Deo
3097 4888 3109 4901 .
3133 4884 3145 4898 .
3166 4888 3176 4900 .
3199 4849 3302 4914 Qui
3321 4836 3496 4907 autem

1883 4907 2153 4973 discernit,
2170 4911 2230 4985 .si
2257 4907 2666 4976 mauduCaverit,
2701 4912 2980 4969 damnatus
3005 4925 3078 4969 est
3097 4933 3117 4969 :
3137 4907 3259 4985 quia
3288 4937 3391 4974 non
3422 4936 3495 4976 rst

1884 4993 1956 5062 [εχ¹
1983 4993 2126 5033 Ριυιε.
2161 4978 2326 5034 Omne
2360 4991 2535 5035 autent
2563 4985 2699 5050 quod
2732 5000 2836 5038 non
2870 4997 2943 5040 est
2977 5004 3045 5042 ex
3076 4978 3197 5042 non
3226 5003 3495 5062 peccatum

1879 5057 1979 5102 est.

1960 5120 2031 5190 (ε)
2089 5120 2615 5200 Callidus__illaqtteat
2671 5125 3054 5200 volucres__.4ut
3100 5132 3294 5200 pedicis
3343 5133 3495 5189 dolus

1888 5193 2241 5272 aut_m.'tct_tlis,
2270 5192 2418 5272 Illita
2448 5192 2641 5272 glutine
2670 5199 2887 5250 eorticco
2916 5192 3124 5272 Vimiua
3156 5205 3494 5272 plumigeram

1892 5265 2076 5339 seriem
2117 5264 2413 5339 Impediunt
2450 5263 2504 5319 Vel
2546 5268 2685 5319 obire
2744 5280 2934 5323 vetant.
2987 5270 3118 5324 Ecce
3156 5263 3246 5337 'prr
3287 5263 3494 5339 (equum

1890 5336 2192 5406 ﬂuctivagus
2227 5335 2388 5387 Testa
2440 5354 2615 5405 graues
2651 5339 2856 5390 sinuosa
2896 5343 3123 5394 trahunt.
3159 5335 3351 5397 Piscis.
3378 5351 3494 5401 item

1889 5406 2117 5482 sequitur
2147 5408 2424 5473 calamum,
2462 5408 2662 5476 liaptus
2694 5411 2930 5465 acumine
2961 5412 3229 5482 vulniﬁco,
3268 5414 3492 5472 Credula

1888 5478 2096 5528 saucius
2131 5493 2220 5528 ora
2253 5482 2381 5530 Cibo.

1964 5548 2043 5612 (ά)
2092 5547 2334 5627 Dixitque
2373 5551 2524 5627 etiam
2574 5548 2752 5627 Deus:
2791 5549 3090 5606 Pmducaut
3127 5572 3277 5624 aqum
3315 5562 3496 5627 reptile

1889 5619 2331 5694 autma'ﬁrit'cntis,
2359 5630 2413 5694 ct
2444 5621 2651 5673 volatile
2673 5639 2826 5690 super
2849 5634 3035 5676 terram
3057 5627 3147 5679 sub
3167 5619 3494 5694 ﬁrmamento

1891 5687 2024 5760 (teli.
2061 5687 2359 5757 Crcavitque
2390 5691 2526 5743 Deus
2554 5704 2658 5745 cete
2688 5687 2927 5760 grandia,
2961 5704 3008 5747 ct
3039 5687 3239 5750 omnem
3268 5701 3495 5754 animum

1892 5759 2152 5837 viventem,
2177 5771 2326 5824 atque
2358 5759 2851 5837 ntotabilctu,gttant
2883 5764 3234 5837 produxerant
3263 5787 3410 5837 aqua:
3441 5773 3494 5826 itt

1892 5831 2085 5899 spccics
2107 5848 2248 5894 suas,
2273 5842 2317 5885 ct
2344 5850 2494 5888 omne
2524 5835 2728 5889 rotatile
2755 5831 3038 5890 secundum
3062 5855 3223 5910 genus
3246 5831 3416 5897 suum.
