4504 6408
743 406 845 464 699

2144 392 2597 451 PRUDENTIUS.

3901 394 4006 457 700

739 523 881 578 (θεῖτε
909 522 942 578 5
967 538 981 574 ε
1009 519 1210 590 Magna
1238 517 1373 572 Dm
1394 515 1651 585 potentia,
1676 513 1776 578 Qui
1817 513 1977 582 fertili
2006 521 2152 566 natos
2177 525 2307 577 aqua
2333 511 2385 570 Α
2415 510 2640 563 Bailinm
2679 511 2836 566 docte
2869 519 2924 563 et
2964 523 3192 565 nervosa
3229 509 3444 579 refutat,
3477 485 3703 580 ejusque
3725 512 3877 582 alios
3912 529 4006 581 op-

737 614 938 667 .Partim
973 610 1218 680 relinquis
1255 609 1403 679 157
1431 606 1640 675 gurgiti,
1671 602 1873 657 Partim
1912 604 2046 658 levas
2076 603 2128 656 in
2168 615 2308 666 aera,

742 703 990 772 Demersa
1037 701 1256 772 lymphis
1299 697 1591 764 imprimens
1642 694 1876 749 subvscta
1914 693 2054 748 caelis
2093 692 2312 762 erigens.

740 791 810 846 Ut
831 795 987 863 stirpe
1007 791 1070 844 ab
1092 805 1192 844 una
1212 787 1410 858 prodita
1431 785 1642 840 Diversa
1661 787 1888 853 repleant
1909 782 2043 838 loca.
2069 780 2322 836 Rabanus

742 882 986 936 Maurus.
1020 879 1113 932 lib.
1147 893 1180 930 ιι
1211 878 1278 930 de
1309 874 1645 929 Institutione
1679 873 2029 937 clericorum,
2074 885 2191 940 cap.
2219 870 2312 936 27,

740 985 888 1026 esum
911 968 1087 1021 avium
1124 977 1178 1020 et
1203 967 1423 1033 piscium
1448 964 1762 1033 permissum
1792 961 1886 1025 ait,
1911 961 2032 1030 quia
2059 976 2122 1014 ex
2141 959 2314 1014 eodem

737 1061 981 1114 elemento
1009 1059 1073 1111 de
1107 1071 1205 1123 quo
1241 1065 1289 1109 et
1323 1057 1486 1125 pisces
1517 1061 1700 1107 creata:
1731 1061 1854 1106 sunt
1885 1067 2027 1114 aves,
2059 1065 2232 1120 neque
2261 1049 2316 1105 in

738 1138 922 1216 regula
951 1145 1340 1200 monachorum
1371 1144 1595 1198 aliarum
1624 1141 1864 1196 carnium
1895 1155 2040 1196 esum
2072 1138 2314 1207 prohibi-

732 1246 866 1298 tum.
900 1235 1002 1292 nisi
1028 1234 1460 1305 quadrupedum.
1485 1231 1770 1300 lntclligit,
1809 1231 2021 1300 opinor,
2059 1239 2218 1298 caput
2246 1228 2315 1284 59

736 1327 934 1395 regula:
962 1325 1018 1382 S.
1041 1323 1311 1380 Benedicti
1345 1340 1360 1376 :
1393 1321 1636 1376 Caraiunt
1673 1337 1788 1395 vero
1831 1320 2218 1391 quadrupedum
2253 1320 2316 1372 ab

736 1393 972 1470 omnibus
999 1416 1313 1470 abstineatur
1345 1413 1581 1467 comestio
1601 1453 1618 1480 ,
1667 1393 1851 1481 prater
1885 1411 2090 1465 omnino
2127 1409 2317 1464 debiles

734 1520 782 1563 et
811 1519 1028 1581 cgrotos
1054 1509 1150 1578 (a).

807 1601 932 1654 172.
974 1599 1196 1652 Possunt
1233 1597 1394 1652 etiam
1439 1595 1601 1652 verba
1635 1595 1910 1651 Prudentii
1953 1595 2022 1651 ita
2063 1591 2312 1663 intelligi,

736 1699 794 1744 ut
821 1690 1144 1758 Sanguineas
1175 1689 1402 1742 lacerare
1437 1687 1594 1754 dapes
1623 1687 1920 1756 pertineret
1943 1686 2010 1742 ad
2039 1699 2188 1739 usum
2215 1684 2316 1738 ab-

732 1779 964 1834 stinendi
1000 1793 1031 1832 a
1059 1778 1318 1846 sanguine
1353 1786 1410 1832 et
1443 1776 1724 1840 sulfocato,
1751 1776 1843 1845 qui
1869 1775 1959 1831 diu
1988 1778 2040 1830 in
2072 1774 2310 1828 Ecclesia

2417 609 2740 668 pugnatur-es
2761 600 2860 654 hac
2881 598 2936 654 in
2961 607 3114 668 parte
3137 611 3398 664 recenset,
3416 600 3689 672 Kiugiom,
3712 600 4002 667 Clericum,

2415 690 2776 756 Bernardum,
2807 689 3181 759 Jaquelotum,
3211 691 3576 760 Leibnizium,
3604 693 3910 760 Clarkium,
3953 694 4001 748 la

2417 781 2676 847 Placette,
2714 782 2780 837 de
2801 781 3058 836 Cronsas.
3101 782 3215 853 Ego
3250 783 3424 838 solum
3461 800 3526 840 ea
3564 785 3803 841 breviter
3839 787 4006 855 expll-

2415 873 2552 926 enim
2589 886 2708 941 qum
2761 871 2958 926 Baitius
2984 871 3278 928 Prudentia
3315 873 3522 943 objicit,
3563 890 3740 945 neque
3767 873 4004 931 Cbaulev

2416 963 2568 1032 piens
2594 963 2668 1017 illi
2695 963 2905 1032 objecta
2933 979 3056 1020 esse
3078 965 3341 1021 meminit.
3369 967 3647 1036 Princeps,
3679 968 3858 1037 inquit
3888 968 4006 1022 Bai-

2419 1053 2542 1121 lins,
2569 1053 2656 1123 qui
2685 1054 2944 1123 impedire
2969 1063 3145 1137 potest
3171 1057 3394 1121 malum,
3422 1071 3596 1126 neque
3618 1057 3868 1126 impedit,
3896 1059 4002 1112 vu‘t

2417 1143 2545 1198 illud
2587 1147 2817 1209 natum;
2869 1153 2925 1200 et
2961 1145 3099 1200 hanc
3147 1154 3306 1200 vocat
3353 1147 3626 1202 notionem
3671 1146 4001 1213 evidentem.

2415 1232 2570 1300 Quod
2597 1243 2775 1288 autem
2831 1233 3154 1289 Prudentius
3196 1235 3484 1305 respondet
3524 1237 3795 1290 hominem
3840 1237 4006 1292 bbere

2418 1337 2660 1392 peccare,
2683 1323 2809 1379 dicit
2831 1324 3051 1384 Bailius.
3077 1325 3214 1380 hanc
3241 1340 3361 1382 esse
3385 1325 3701 1395 petitionem
3733 1327 4002 1395 principii,

2416 1414 2538 1483 quia
2579 1413 2755 1469 thesin
2793 1414 3158 1483 impugnatam
3197 1415 3290 1470 dat
3318 1430 3414 1484 pro
3441 1416 3817 1483 responsione.
3865 1415 4006 1471 Idem

2418 1503 2636 1567 Bailius,
2661 1501 2926 1558 Clericum
2953 1512 3171 1559 secutus
3216 1513 3365 1574 putat
3406 1504 3752 1560 Prudentium
3781 1520 4009 1574 respon-

2415 1606 2599 1647 surum
2645 1597 2845 1662 paucos
2867 1607 2988 1648 esse
3011 1595 3098 1660 qui
3126 1594 3449 1649 damnantur
3466 1612 3478 1647 :
3498 1610 3620 1649 nam
3646 1597 3722 1648 ait
3746 1595 3954 1666 hymno
3978 1599 4012 1652 6

2417 1683 2685 1749 Catltetn.,
2710 1699 2855 1740 vers.
2886 1685 2957 1740 93
2981 1699 2998 1738 :
3029 1683 3173 1739 Idem
3201 1695 3371 1740 tamen
3396 1686 3638 1756 benignus
3663 1684 3817 1740 Ultor
3836 1698 4012 1740 retun-

2417 1775 2489 1826 dit
2511 1776 2662 1841 iram,
2677 1773 2973 1842 Paucosque
2991 1793 3092 1829 non
3110 1774 3312 1844 piorum
3333 1774 3541 1830 Patitur
3562 1776 3730 1846 perire
3750 1778 3804 1829 in
3822 1793 4009 1832 tecum.

733 1867 1112 1937 perseveravit.
1131 1866 1380 1933 Tertull.,
1398 1865 1624 1936 Apolog.
1646 1866 1818 1933 cap.9
1837 1880 1852 1918 :
1872 1863 2151 1918 Erubescat
2173 1879 2314 1916 error
2346 1854 2388 1913 Β
2417 1865 2588 1930 Quam
2629 1865 3034 1933 responsionem
3079 1864 3326 1919 idoneam
3355 1879 3464 1919 non
3489 1879 3611 1920 esse
3646 1866 3862 1933 reponit
3895 1866 4014 1919 Bai-

732 1971 912 2023 ves'er,
953 1960 1040 2030 qui
1068 1975 1130 2012 ne
1162 1956 1464 2012 animalium
1499 1957 1705 2027 quidem
1742 1955 2040 2026 sanguinem
2069 1955 2121 2008 in
2151 1955 2314 2023 epulis

734 2052 1002 2108 esculentis
1038 2051 1280 2106 habemus
1298 2092 1314 2118 ,
1340 2050 1425 2121 qui
1453 2057 1718 2121 propterea
1743 2063 1944 2118 quoque
1979 2047 2242 2114 suffocatis
2267 2055 2314 2100 et

736 2143 1017 2196 morticinis
1037 2142 1362 2206 abstinemus,
1379 2156 1442 2194 ne
1455 2155 1551 2208 quo
1573 2141 1722 2192 modo
1743 2139 1990 2208 sanguine
2009 2139 2318 2192 contamine-

735 2249 850 2286 mur
883 2234 961 2286 vel
989 2233 1125 2286 intra
1157 2233 1350 2286 viscera
1385 2230 1603 2300 sepulto.
1634 2230 1929 2284 Concilium
1961 2229 2232 2283 Aureiian.
2277 2242 2316 2281 tt

658 2333 665 2341 ‘
735 2338 877 2377 anno
898 2322 1024 2384 555,
1045 2336 1165 2391 cap.
1189 2319 1262 2376 20
1290 2337 1304 2373 :
1334 2319 1606 2384 Catholici,
1631 2319 1717 2388 qui
1736 2320 1804 2372 ad
1823 2319 2077 2371 idolorum
2101 2317 2316 2380 cultant,

729 2421 864 2476 etc.,
893 2413 956 2465 ab
982 2409 1226 2467 Ecclesia
1253 2412 1459 2466 statibus
1482 2421 1774 2466 arceantur.
1805 2410 2057 2468 Similiter
2083 2419 2128 2464 et
2154 2411 2207 2463 Iti
2231 2409 2324 2480 qui

736 2503 1008 2556 bestiarum
1029 2502 1278 2556 morsibus
1297 2502 1567 2568 exstincta,
1584 2504 1661 2556 uel
1676 2501 1898 2572 quolibet
1919 2501 2070 2554 modo
2090 2509 2176 2553 aut
2198 2515 2322 2554 casu

738 2595 990 2662 sit/focam
1018 2604 1306 2649 vescuntur.
1357 2594 1460 2648 Sed
1489 2594 1548 2649 S.
1573 2595 1898 2664 Augustinus
1924 2596 2032 2663 jam
2060 2608 2157 2646 suo
2190 2601 2324 2645 tem-

737 2697 874 2752 pore
898 2683 1054 2738 aliter
1083 2683 1422 2738 existimabat
1452 2683 1546 2738 lib.
1569 2698 1640 2748 vt,
1664 2697 1782 2751 cap.
1807 2683 1880 2738 32
1903 2683 2164 2736 adversus
2187 2681 2324 2734 Fau~

740 2784 884 2826 stum
914 2773 1264 2827 Manichmum
1296 2789 1310 2825 :
1347 2771 1445 2827 Ubi
1475 2771 1708 2826 Ecclesia
1739 2774 1958 2840 gentium
1998 2771 2116 2824 talis
2146 2771 2325 2836 effecta

741 2872 834 2923 est,
861 2871 914 2914 ut
937 2863 988 2913 in
1007 2878 1068 2916 ea
1095 2863 1268 2916 nullus
1289 2860 1538 2916 Israelita
1554 2863 1775 2915 carnalis
1795 2869 2063 2932 appareat,
2081 2861 2194 2928 quis
2206 2860 2322 2931 jam

745 2950 841 3003 hoc
871 2950 1189 3005 Christianus
1218 2951 1466 3016 observat,
1495 2959 1549 3004 ut
1578 2951 1754 3004 turdos
1782 2952 1860 3005 vel
1883 2951 2182 3004 minutiores
2209 2950 2324 3002 avi-

745 3043 890 3095 celas
911 3058 1010 3096 non
1036 3043 1272 3113 attingat,
1295 3043 1394 3097 nisi
1419 3059 1635 3113 quarum
1663 3045 1872 3110 sanguis
1894 3041 2088 3108 effusus
2118 3048 2208 3103 est,
2232 3050 2323 3092 aut

745 3133 972 3202 leporem
1007 3149 1110 3186 non
1144 3133 1280 3199 edat,
1316 3134 1362 3186 si
1391 3149 1548 3186 manu
1585 3151 1618 3186 a
1647 3134 1836 3187 ceruice
1870 3148 2140 3204 percussus
2178 3131 2323 3187 nullo

746 3236 954 3277 cruen'o
984 3224 1188 3276 vulnere
1223 3223 1418 3276 occisus
1452 3224 1566 3278 est?
1599 3232 1649 3276 et
1682 3223 1769 3293 qui
1806 3227 1938 3292 forte
1973 3237 2125 3279 esset
2157 3226 2328 3279 adhuc

748 3322 951 3381 tangere
973 3312 1071 3365 ista
1095 3311 1396 3378 formidant,
1423 3326 1456 3364 a
1482 3322 1717 3366 estanus
1743 3326 2084 3367 IRIIDBN‘I’L‘I.
2119 3313 2326 3369 Revera

747 3417 870 3456 cum
896 3403 1214 3458 Prudentius
1239 3415 1365 3457 aves
1393 3409 1450 3457 et
1468 3401 1644 3470 pisces
1670 3402 1723 3457 in
1745 3402 1886 3457 cibis
1900 3401 2328 3460 Christianorum

750 3491 1026 3556 admittat,
1063 3491 1468 3561 quadrupedum
1505 3505 1636 3547 vero
1675 3500 1922 3562 respuat,
1951 3509 2055 3548 non
2086 3494 2152 3549 ad
2189 3495 2330 3551 hunc

754 3596 1042 3648 paucorum
1071 3579 1401 3636 irridendum
1422 3594 1626 3635 morem
1650 3583 1907 3650 respexit,
1937 3583 2032 3639 sed
2059 3585 2124 3640 ad
2151 3586 2332 3641 lauda-

754 3671 913 3725 bilem
938 3671 1162 3738 plurium
1191 3669 1658 3734 consuetudinem,
1689 3670 1758 3726 de
1781 3686 1882 3741 qua
1912 3673 2052 3729 idem
2079 3675 2134 3730 S.
2153 3676 2335 3745 Augu-

755 3763 928 3816 stinus
957 3762 1050 3816 lib.
1076 3779 1092 3816 l
1121 3763 1189 3818 de
1215 3762 1452 3817 Moribus
1479 3761 1732 3818 Ecclesiae
1758 3766 2055 3833 catholica,
2083 3783 2203 3837 cap.
2226 3770 2330 3825 ὅδε

756 3850 840 3905 Ita
877 3853 1022 3904 multi
1058 3868 1216 3922 neque
1249 3863 1516 3906 vescuntur
1549 3853 1808 3922 carnibus,
1846 3867 2007 3926 neque
2043 3867 2208 3913 tamen
2245 3877 2334 3914 eas

756 3942 1050 3996 immundos
1071 3942 1415 4013 superstitiose
1436 3952 1713 4010 putant....
1744 3943 2011 4000 Continent
2035 3961 2088 4001 se
2118 3949 2275 4018 igitur
2297 3949 2335 4002 ii

757 4033 842 4098 qni
863 4040 1092 4101 possunt,
1110 4032 1194 4098 qui
1222 4041 1388 4085 tamen
1415 4046 1546 4086 sum
1575 4046 2075 4102 INNUIERABILES,¢1
2103 4054 2134 4090 a
2161 4039 2335 4092 carni-

757 4121 848 4173 bus
871 4130 918 4173 et
946 4137 978 4173 a
1004 4121 1117 4173 vino
1139 4121 1267 4173 duas
1292 4121 1353 4173 ob
1372 4135 1577 4188 causas,
1599 4121 1678 4175 vel
1702 4132 1907 4194 propter
1933 4127 2150 4194 fratrum
2178 4128 2337 4183 imbe-

759 4211 1043 4277 cilitatem,
1067 4210 1144 4265 uel
1167 4220 1374 4280 prapter
1398 4226 1546 4264 suam
1575 4211 1853 4267 libertatem
1886 4215 1982 4282 (ὁ).

837 4299 995 4371 148
1035 4301 1155 4356 175.
1200 4299 1542 4356 Relellendus
1579 4303 1739 4358 modo
1775 4312 1855 4360 est
1893 4305 2115 4374 Bailius,
2155 4311 2245 4380 qui
2283 4311 2338 4366 in

765 4391 1091 4446 Dictionario
1117 4392 1340 4462 aliisque
1369 4392 1620 4463 operibus
1644 4409 1788 4464 saepe
1810 4399 1909 4452 hoc
1934 4414 2123 4456 saxum
2149 4402 2336 4470 volvit,

762 4481 1056 4535 catholicos
1092 4492 1405 4551 argumenta
1433 4482 1844 4541 Manichzeorum
1872 4488 1940 4544 de
1975 4491 2182 4561 origine
2211 4495 2336 4548 mali

763 4588 1033 4643 nunquam
1060 4577 1188 4629 satis
1215 4574 1456 4630 diluisse.
1485 4575 1712 4633 Jacobus
1734 4578 1994 4651 Georgius
2021 4583 2086 4636 dc
2112 4584 2340 4641 Chaute-
2367 4565 2418 4626 ι)
2505 4565 2783 4651 ξ’ξξεδξῗξῖξτ

765 4663 873 4732 pie,
907 4664 958 4716 in
985 4662 1120 4718 Nov.
1147 4664 1376 4720 Diction.
1409 4665 1596 4720 histor.
1625 4670 1817 4735 critic.,
1849 4673 2001 4727 artic.
2037 4674 2335 4746 ΗαηὶσΙιωί,

771 4935 784 4945 θ
841 4865 919 4931 (a)
943 4865 1302 4950 AlN'icephorus,
1328 4871 1421 4926 lib.
1447 4888 1520 4927 xu
1545 4875 1709 4950 Risu,
1737 4891 1856 4945 cap.
1881 4876 1970 4944 55,
1996 4878 2236 4935 diversos
2263 4880 2345 4950 je-

767 4945 1062 5010 ptnantiuui
1089 4954 1261 4992 mores
1290 4955 1498 4995 enarrat
1526 4960 1540 4996 :
1569 4945 1788 5010 Quidam
1816 4951 2040 5002 animata
2063 4967 2162 5002 non
2187 4945 2344 5004 attin-

768 5013 927 5085 gunt;
951 5007 1047 5090 alii
1078 5020 1244 5060 autent
1276 5007 1671 5090 attingu_ttt,sed
1707 5019 2050 5090 piscessolos.
2096 5020 2226 5074 Sunt
2258 5023 2345 5090 qui

769 5084 994 5154 animata
1034 5091 1231 5145 quoque
1269 5097 1384 5133 cum
1420 5084 1642 5156 piscibus
1687 5088 1913 5156 colatitia
1953 5091 2246 5156 degustant,
2271 5084 2349 5145 ex

771 5161 914 5227 liquis
935 5155 1627 5227 cuiquisqueprogenitaesse,
1644 5167 1696 5207 ut
1717 5155 1881 5210 Moses
1901 5155 2080 5227 inquit,
2103 5160 2346 5215 dicentes.

774 5211 1031 5293 Nonnulli
1047 5217 1109 5268 ab
1125 5211 1239 5293 cui
1287 5211 1337 5273 εἴ
1349 5225 1568 5293 nucibus
1597 5211 1698 5278 sive
1718 5229 1880 5280 baccis
1904 5211 2174 5282 abstinent:
2192 5211 2349 5284 ’Νὸίιξ

775 5283 903 5361 nulli
926 5300 1040 5338 vero
1066 5289 1305 5341 arborum
1333 5292 1580 5366 fructibus
1612 5308 1898 5351 vescuntur.
1927 5299 2147 5363 Quidam
2173 5283 2352 5366 partem

774 5369 956 5431 siccum
987 5364 1183 5410 tantum
1205 5364 1471 5415 comedunt
1495 5380 1512 5427 ;
1540 5367 1748 5432 quidam
1769 5383 1881 5420 vero
1902 5385 1967 5421 ne
1989 5370 2122 5422 hunc
2144 5364 2347 5430 quidem

777 5432 1043 5492 nlltngttnl.

955 5494 1140 5574 Petrus
1161 5499 1514 5565 Castellanus,
1538 5506 1624 5568 qui
1653 5506 1719 5558 de
1745 5521 1837 5559 esu
1866 5509 2102 5561 carnium
2126 5511 2157 5562 4
2183 5512 2349 5564 libros

779 5560 966 5645 edidit.
998 5567 1085 5642 lib.
1120 5583 1156 5631 t,
1186 5586 1302 5636 mp.
1335 5576 1384 5645 I,
1418 5560 1852 5645 emisiteludinctn
1887 5560 2157 5631 hominum
2185 5560 2347 5645 primi

783 5641 1038 5708 temporis
1067 5645 1283 5702 exponit
1314 5643 1610 5696 abstinendi
1641 5660 1667 5695 τι
1693 5647 1956 5700 carnibus.
1995 5650 2161 5708 Plato,
2190 5641 2277 5704 lib.
2304 5667 2349 5702 γι

783 5700 845 5788 ιιιξ
1042 5722 1156 5786 Ότιξζ.
1187 5713 1308 5770 7‘52.
1339 5722 1463 5764 tum.
1493 5713 1554 5776 Il,
1584 5717 1681 5766 ait:
1711 5717 1746 5766 Α
1776 5719 2003 5771 (ιινιιιίνιιδ
2028 5724 2243 5784 nmini-es
2267 5739 2354 5772 no-

786 5780 870 5819 i-‘t't
923 5780 1258 5840 uittltttiutttt,
1306 5793 1541 5847 tuttqtttutt
1590 5803 1683 5836 tttttt
1714 5797 1834 5837 δεδι-ἰ
1867 5791 2003 5849 pium
2042 5780 2155 5841 ttlits
2187 5792 2346 5846 cdt't‘t'.

2419 1953 2549 2019 lius,
2583 1955 2705 2023 quia
2735 1955 2780 2009 si
2807 1954 3082 2011 damnatio
3118 1957 3355 2010 omnium
3386 1956 3659 2011 hominum
3690 1967 3839 2011 e-sct
3866 1969 4014 2010 actus

2416 2046 2627 2101 saoitiei
2660 2056 2712 2099 ut
2737 2055 2871 2112 octo,
2895 2047 3169 2102 damnatio
3191 2063 3480 2118 paucorum
3504 2049 3607 2103 erit
3631 2059 3778 2103 actus
3803 2053 4017 2104 sceitiei

2419 2147 2476 2188 ut
2493 2147 2732 2206 quatuor,
2756 2136 2834 2190 rel
2856 2147 2909 2190 ut
2935 2137 3059 2204 duo,
3078 2136 3154 2191 uel
3177 2146 3232 2191 ut
3251 2154 3430 2191 unum.
3457 2137 3532 2192 ιω
3559 2139 3702 2193 enim
3729 2137 4018 2192 st-boiasti-

2419 2243 2513 2281 rus
2554 2242 2677 2282 esse
2721 2237 2865 2282 amat
2910 2239 3097 2282 contra
3157 2223 3434 2298 religionis
3479 2244 3719 2283 causam.
3776 2229 3886 2284 Sed
3927 2231 4017 2299 qui

2421 2315 2768 2372 Prudentium
2798 2317 2917 2373 sine
2945 2319 3201 2384 opinione
3228 2319 3408 2388 aliqua
3433 2319 3782 2388 praeiudicata
3811 2330 4020 2374 attento

2423 2405 2597 2476 legat,
2647 2409 2862 2477 penitus
2900 2408 3052 2463 BaiIii
3097 2408 3289 2464 inanes
3336 2409 3661 2465 subtilitates
3704 2410 4018 2478 perspiciet.

2423 2498 2664 2553 Primum
2732 2514 2830 2554 cur
2873 2499 3147 2555 existimat
3206 2499 3555 2556 Prudentium
3627 2515 4018 2570 responsurum

2424 2603 2624 2659 paucos
2653 2603 2775 2645 esse
2817 2590 2907 2660 qui
2948 2591 3015 2644 ad
3045 2589 3247 2645 inferos
3274 2590 3663 2644 detruduntur?
3694 2589 4023 2645 Prudentius

2423 2688 2792 2745 argumentum
2817 2678 3234 2735 Manichaeorum
3255 2687 3312 2735 et
3359 2679 3514 2736 Bailii
3535 2679 3636 2734 sibi
3661 2681 3942 2749 proponit,
3969 2689 4025 2734 et

2428 2778 2632 2821 tantum
2685 2769 2840 2822 abest
2864 2779 2924 2823 ut
2952 2768 3006 2822 id
3035 2768 3376 2838 respondeat,
3407 2779 3469 2824 ut
3495 2769 3657 2824 etiam
3685 2769 4024 2823 contrarium

2424 2868 2610 2929 aperte
2644 2873 2712 2915 eo
2738 2860 2794 2915 in
2822 2858 2944 2916 loco
2971 2859 3226 2916 amt-met.
3255 2859 3553 2931 Hamartig.
3578 2875 3722 2916 vers.
3761 2861 3869 2917 819
3896 2879 3912 2913 :

2487 3036 2568 3085 Sic
2589 3037 2774 3086 animas
2789 3034 2899 3086 (διιδΙὶ
2923 3035 2987 3084 de
3011 3034 3224 3086 fontibus
3246 3035 3519 3086 unicoloras

2493 3097 2896 3156 lut‘nndit,natura
2919 3095 3054 3146 solo:
3080 3099 3169 3148 sed
3195 3097 3426 3147 suavibus
3448 3098 3595 3147 istb'c

2495 3159 2748 3207 Devinctus
2771 3158 3020 3207 illecebris
3039 3163 3336 3216 retinentur,
3357 3166 3410 3208 et
3427 3160 3614 3207 aethera
3648 3175 3658 3215 ι
3678 3170 3820 3209 auem

2491 3218 2833 3268 Couscendunt
2855 3218 3083 3276 reduces,
3117 3219 3294 3268 multas
3316 3221 3529 3270 viscosus
3551 3221 3742 3270 inescat

2496 3280 2686 3352 Paetus,
2714 3287 2768 3352 et
2783 3279 2841 3352 ad
2853 3291 3400 3352 supersuperenrrgre
3414 3293 3509 3329 non
3542 3282 3662 3352 sinit
3675 3293 3835 3331 auras.

2493 3339 2736 3389 I’rtescius
2757 3341 2871 3389 inde
2896 3340 3046 3390 Pater
3069 3339 3270 3389 liventia
3293 3341 3493 3390 Tartara
3517 3341 3715 3390 nlumbo

2495 3399 2710 3462 [incendit
2730 3400 2934 3462 liquido,
2957 3402 3220 3462 piceasque
3244 3402 3477 3451 bitumine
3501 3399 3652 3451 fossas

2493 3459 2749 3512 Inlernalis
2769 3459 3068 3525 a‘quatlurvo
3088 3459 3286 3512 sutiodit
3307 3462 3521 3513 Averno.

2511 3673 2669 3749 ιω
2697 3673 2818 3729 174.
2852 3673 3170 3730 Prudentius
3204 3683 3390 3745 argute
3437 3675 3799 3744 objectionem
3848 3676 4030 3733 Mani-

2433 3766 2706 3819 chaeorum
2735 3773 2862 3819 ante
2880 3773 3244 3834 expresserat,
3298 3774 3354 3820 et
3381 3765 3632 3821 subtilius
3669 3766 3836 3822 etiam
3863 3783 4031 3836 quam

2436 3854 2654 3921 Duilius,
2671 3855 2917 3924 quamvis
2941 3855 3027 3908 hic
3052 3869 3244 3911 omnes
3263 3855 3462 3926 ingenii
3487 3871 3683 3912 nervos
3707 3861 4029 3913 contendat.

2438 3946 2578 4016 Lege
2601 3960 2742 4001 vers.
2769 3945 2875 4003 6ιο
2904 3954 2959 4002 et
2988 3961 3143 4018 seqq.

2504 4139 2682 4206 _S_l__non_
2699 4137 2802 4189 vult
2822 4139 2958 4190 Deus
2979 4139 3314 4206 essemalum,
3338 4151 3428 4189 cur
3449 4152 3549 4206 non
3567 4141 3746 4193 vetat?
3787 4143 3966 4206 inquit.

2503 4199 2580 4265 Nil
2602 4201 2778 4261 refert,
2804 4211 2969 4265 auctor
2988 4201 3162 4265 fuerit,
3187 4199 3439 4265 factorque
3459 4203 3715 4252 malorum.

2503 4264 2647 4327 Anne
2672 4275 2820 4327 opera
2847 4263 3087 4327 invitlum
3109 4263 3316 4327 sceleris
3337 4263 3669 4327 pulcherrima
3689 4265 3842 4327 verti,

2504 4320 2622 4386 Cum
2646 4320 2798 4382 possit
2817 4323 3100 4382 prohibere,
3123 4325 3280 4384 sinat;
3304 4320 3384 4386 qui
3406 4326 3447 4374 si
3473 4323 3589 4375 velit
3610 4338 3786 4374 omnes

2506 4381 2744 4446 Innocuos
2760 4395 2913 4446 agere
2933 4387 3060 4431 omni
3069 4381 3371 4445 potens,'uéc
3389 4393 3554 4434 sancta
3574 4386 3798 4434 voluntas

2507 4443 2817 4508 Degeneret,
2843 4443 3082 4508 facto_nec
3098 4457 3159 4508 se
3183 4457 3353 4493 manus
3381 4447 3604 4508 Inquinet
3628 4447 3744 4496 ullo.

2505 4503 2635 4552 Cond
2655 4503 2726 4552 dit
2751 4503 2811 4553 er
2843 4518 2872 4553 ο
2897 4505 3071 4553 malum
3097 4506 3350 4566 Dominae,
3371 4503 3500 4568 quud
3528 4515 3716 4565 spectat
3738 4509 3802 4556 ab
3826 4509 3943 4569 alto,

2505 4565 2564 4614 Et
2588 4567 2783 4614 patitur.
2809 4520 3017 4614 gerique
3062 4568 3255 4614 probat.
3293 4575 3519 4614 tanquam
3544 4569 3650 4614 inse
3672 4571 3879 4614 crearit.

2845 4569 3017 4630 erique
3062 4568 3255 4630 probat,
3293 4575 3519 4630 tanquam
3544 4569 3650 4630 ipse
3672 4571 3879 4618 crearit.

2509 4627 2622 4706 I‘pse
2641 4629 3004 4706 ereptit'enim,
3027 4628 3156 4698 quod
3180 4627 3288 4706 cum
3311 4627 3588 4701 discludere
3615 4632 3784 4694 possit,

2511 4687 2616 4738 Non
2639 4688 2820 4748 abolet,
2847 4687 3092 4752 longoque
3118 4689 3234 4739 sinit
3257 4692 3528 4752 grassarier
3550 4687 3658 4739 usu.

2446 4905 2605 4957 neque
2633 4887 2846 4940 deorum
2869 4902 2986 4938 aras
3017 4887 3261 4952 sanguine
3288 4888 3604 4954 polluebant.
3631 4889 3748 4954 Ipse
3775 4889 4038 4945 Castellu-

2449 4975 2563 5011 nns.
2596 4972 2718 5022 cap.
2744 4958 2802 5022 2,
2833 4968 3017 5010 contra
3049 4959 3182 5011 alios
3230 4959 3415 5024 probat
3447 4974 3636 5013 carnes
3685 4974 3794 5027 przn
3827 4965 4042 5018 czeteris

2449 5030 2698 5082 omnibus
2722 5032 2977 5094 optimum
3004 5041 3067 5078 ac
3115 5029 3396 5090 plurimum
3423 5041 3674 5094 pra-stare
3697 5031 4042 5086 alimentum.

2449 5099 2646 5151 Confer
2700 5097 3030 5150 Clementem
3085 5097 3529 5167 Alexandrinum,
3584 5100 3794 5167 Peedag.
3843 5102 3935 5153 liti.
3985 5118 4044 5167 tt,

2454 5184 2572 5236 tap.
2605 5174 2652 5232 I;
2685 5167 3027 5229 Tertullian.,
3075 5167 3144 5220 de
3179 5166 3323 5221 Cibis
3362 5168 3632 5230 .Indaicis;
3685 5166 3828 5224 et’S.
3852 5166 4043 5224 ιιι-πμ

2455 5235 2626 5307 nyiu.,
2670 5237 2762 5290 lib.
2806 5253 2820 5290 I
2865 5238 3126 5290 adversus
3174 5235 3437 5292 Ιονὶιοὶιιιι.
3490 5239 3543 5292 lu
3590 5241 3813 5306 antiquo
3860 5244 4049 5297 codice

2457 5308 2706 5361 Ecclesia:
2737 5307 2906 5373 llisp.,
2931 5322 3088 5373 quem
3124 5307 3382 5375 Lopezius
3400 5310 3467 5361 de
3491 5311 3714 5362 llarrera
3739 5311 3934 5372 edidit,
3960 5329 4046 5363 ca-

2459 5376 2661 5430 non-58
2690 5387 2861 5429 exstat
2889 5392 2952 5430 ex
2987 5379 3184 5445 Ancyr.
3217 5393 3307 5432 xm
3343 5400 3354 5432 :
3391 5381 3449 5430 Si
3477 5383 3589 5444 quis
3627 5397 3724 5431 non
3753 5397 3849 5447 pm
3893 5385 4048 5433 absti-

2459 5449 2651 5511 nentia,
2682 5449 2767 5498 sed
2798 5464 2887 5514 pro
2924 5450 3266 5499 exsecratione
3298 5465 3529 5500 escarum
3567 5450 3808 5512 abstinet,
3857 5455 4047 5518 ρισωι

2459 5529 2633 5569 sancto
2661 5519 2871 5568 concilio
2905 5530 2952 5568 ut
2987 5526 3290 5585 pra'gustel,
3322 5532 3366 5572 et
3398 5525 3497 5579 sic,
3529 5521 3571 5571 si
3601 5519 3731 5582 vult,
3770 5522 4045 5584 abstitimt;

2460 5589 2502 5638 si
2535 5600 2703 5638 autent
2739 5589 2949 5654 sptrnit,
2977 5589 3048 5639 ita
3077 5597 3130 5638 ut
3162 5592 3300 5640 olera
3339 5601 3480 5641 cocta
3523 5607 3634 5641 eum
3675 5594 3914 5641 erunibus
3946 5611 4046 5642 ιιςοη

2463 5660 2713 5725 degustet,
2744 5659 2854 5720 istc,
2886 5675 2986 5710 lttnt
3016 5658 3248 5711 obcdiens
3281 5677 3436 5725 nequi:
3469 5661 3806 5730 suspicionem
3846 5664 3999 5714 Ιιωριδ
4025 5681 4044 5713 ι

2462 5745 2490 5779 a
2523 5744 2574 5780 se
2603 5743 2879 5784 removens.
2916 5730 3193 5797 deportatur
3222 5731 3283 5782 dc
3314 5733 3488 5783 ordine
3517 5731 3806 5783 clericatus.
