4504 6416
229 414 329 470 701

226 526 367 595 Quid
396 526 463 581 ad
494 526 611 582 inec
633 517 995 580 ﬁndendus?

291 640 475 689 Damna
492 651 657 700 aures,
685 638 832 687 Pater
856 635 1005 693 alme,
1038 621 1190 700 me‘as.
1215 636 1267 681 et
1285 629 1461 700 elande
1481 636 1676 680 meatus

290 692 704 750 Obbrutesceniis
737 699 929 761 capitis,
958 692 1022 746 ne
1044 697 1213 758 pervia
1238 692 1362 743 tales

290 764 544 824 Concipiat
563 762 756 810 ﬂexura
778 772 981 809 sonos...

228 867 293 923 Et
320 881 441 921 cum
468 865 750 935 insigniter
796 861 1077 929 probasset
1108 856 1391 912 Dominum
1429 854 1587 909 Nolle
1613 854 1825 918 malum,

227 972 344 1022 nec,
373 956 511 1025 quod
526 963 640 1027 post
665 952 846 1014 abluit,
866 960 986 1004 ante
1008 952 1248 1021 probare,
1272 946 1597 1002 Marcionem
1629 945 1827 999 iterum

230 1054 512 1115 urgentem
541 1043 747 1098 inducit
770 1059 785 1096 :

286 1134 518 1183 Invitone
543 1132 718 1193 aliquis
742 1132 871 1193 potis
895 1135 971 1179 est
989 1141 1198 1193 peccare
1221 1127 1447 1177 Tonante
1467 1123 1493 1173 ?

286 1194 376 1244 Cui
397 1196 541 1243 facile
565 1192 643 1243 est
665 1196 711 1242 in
736 1192 883 1242 corde
912 1192 1120 1240 hominis
1144 1199 1442 1251 comwnere
1473 1197 1669 1251 sensus.

286 1257 423 1315 Quos
441 1257 611 1314 libeat,
636 1255 882 1314 ﬁbrasque
897 1265 1070 1315 omnes
1092 1249 1310 1315 animare
1330 1249 1516 1309 pudicis

286 1311 537 1377 Pulsibus,
562 1311 615 1366 et
632 1311 955 1366 totum'venis
976 1312 1236 1362 infundere
1264 1311 1545 1360 honestum.

224 1410 361 1479 Huic
387 1436 518 1492 ergo
568 1416 1134 1491 objectioni'occurrit
1180 1416 1536 1483 Prudentius,
1572 1430 1680 1471 non
1712 1430 1829 1471 res-

224 1513 475 1584 pondens
525 1510 844 1581 simpliciter
895 1508 1170 1563 hominem
1202 1508 1371 1563 libere
1419 1521 1675 1577 peccare,
1728 1505 1825 1561 sed

225 1608 337 1661 vim
365 1605 631 1661 libertatis
659 1604 713 1659 in
744 1619 810 1659 eo
846 1603 1005 1657 sitam
1052 1616 1192 1666 esse,
1225 1611 1283 1656 ut
1309 1600 1471 1655 homo
1504 1602 1674 1670 possit
1702 1616 1827 1670 peo-

224 1714 375 1767 care,
407 1698 713 1769 Oportuisse
750 1696 1021 1751 hominem
1073 1694 1249 1750 creari
1281 1693 1382 1749 hac
1411 1694 1662 1749 libertate
1692 1709 1828 1764 pra-

222 1792 432 1860 ditum,
478 1800 538 1847 ut
587 1788 875 1845 laudabilis
912 1787 1244 1857 praemiaque
1270 1786 1464 1856 dignus
1490 1795 1669 1850 esset;
1701 1802 1823 1856 qute

224 1885 452 1940 minime
477 1891 561 1940 est
582 1883 770 1953 petitio
796 1880 1066 1952 principii.

284 1973 481 2033 Nmis,
514 1974 687 2034 stulte,
715 1975 932 2034 tumvim
963 1970 1296 2034 libertatisab
1320 1970 1425 2031 ipm

286 2031 578 2085 Formatore
602 2031 761 2084 datam
780 2031 805 2082 ?
828 2032 1001 2081 Nescis
1023 2032 1084 2082 ab
1107 2032 1301 2091 origine
1331 2037 1513 2091 quanta

284 2098 365 2147 Sit
386 2109 617 2146 concessa
644 2097 732 2144 tibi
752 2094 930 2143 famqu
946 2106 1095 2153 super
1118 2094 1241 2141 orbe
1268 2098 1547 2154 potestas...

289 2158 451 2217 Quale
475 2164 602 2215 erat,
628 2156 820 2206 electus
844 2155 1123 2217 magnirex
1151 2154 1286 2217 orbis
1304 2159 1358 2199 ut
1370 2160 1518 2217 esset.

286 2211 397 2269 Non
419 2231 511 2269 rex
532 2211 639 2278 ipse
659 2219 753 2275 sui,
774 2223 917 2265 curto
927 2211 1146 2278 foedatus
1162 2214 1350 2278 honore
1368 2211 1394 2261 ?

288 2280 414 2339 Quas
436 2278 540 2327 laus
555 2275 711 2339 'porro
732 2279 958 2339 hominis,
979 2277 1059 2324 vel
1081 2276 1208 2339 quod
1229 2277 1474 2339 meritum,
1501 2275 1612 2339 sine
1630 2280 1768 2323 certo

292 2336 435 2391 inter
456 2336 719 2401 utramque
741 2342 869 2389 viam
889 2336 1170 2387 discrimine
1194 2337 1366 2387 virere
1395 2336 1576 2396 justi...

224 2445 413 2516 Itaque
440 2460 561 2499 cum
609 2445 802 2498 melior
831 2444 904 2497 sit
942 2442 1283 2497 Providentia
1309 2481 1324 2505 ,
1358 2439 1411 2494 in
1440 2455 1544 2509 qua
1578 2440 1829 2495 homines

225 2540 444 2611 possint
497 2538 668 2593 libere
720 2552 905 2607 agerc,
946 2534 1193 2604 adeoque
1237 2533 1528 2603 aliquando
1575 2540 1821 2599 peccent,

222 2646 386 2703 quam
432 2630 779 2687 Providentia
804 2669 821 2695 ,
864 2627 917 2682 in
945 2643 1050 2699 qua
1098 2642 1262 2682 nemo
1300 2641 1439 2680 unus
1481 2624 1731 2680 libertate
1757 2626 1831 2680 sit

227 2722 488 2795 prmditus
512 2766 527 2788 ,
583 2720 785 2775 corruit
835 2718 1094 2790 quidquid
1124 2718 1386 2781 Marcion,
1418 2717 1676 2787 quidquid
1706 2716 1830 2771 Cle-

224 2814 407 2879 ricus,
432 2811 686 2881 quidquid
720 2811 919 2888 Bailius
954 2809 1182 2879 oggerit.
1212 2808 1343 2863 Nam
1376 2810 1535 2862 etiam
1575 2809 1826 2877 princeps

224 2904 475 2960 mortalis
502 2904 682 2971 (cujus
710 2902 833 2957 alia
860 2910 989 2957 sunt
1018 2902 1188 2971 leges)
1231 2916 1340 2954 non
1368 2900 1642 2954 diceretur
1686 2901 1827 2953 velle

222 2995 430 3049 malum
453 3034 469 3057 ,
497 2992 743 3062 quamvis
773 2988 934 3064 150
980 2991 1386 3047 Provident'am
1408 3033 1423 3053 ,
1458 2991 1655 3045 bonam
1686 2992 1824 3046 alio-

221 3086 353 3157 quin
406 3093 460 3141 et
505 3085 713 3148 utilem,
762 3098 871 3138 non
912 3082 1133 3139 tolleret
1174 3097 1208 3137 ο
1249 3082 1449 3144 medio,
1479 3097 1510 3136 e
1540 3097 1642 3151 qna
1672 3092 1824 3135 certo

222 3180 393 3235 sciret
419 3220 434 3242 ,
478 3179 723 3248 quaedam
773 3185 1023 3233 secutura
1061 3190 1183 3231 esse
1227 3176 1387 3230 maia.
1431 3176 1618 3244 Neque
1664 3174 1824 3230 video

1512 1939 1537 1959 κ

221 3285 395 3341 quare
424 3270 625 3324 Baiiius
652 3268 831 3323 thesin
860 3282 893 3321 a
920 3282 980 3323 se
1015 3269 1302 3323 conﬁctam
1337 3282 1434 3335 pro
1463 3268 1683 3322 notione
1709 3269 1816 3323 cla-
1850 3257 1897 3319 C

221 3361 440 3416 rissima
468 3360 731 3423 venditet,
761 3374 866 3429 qua
895 3360 1057 3415 etiam
1088 3359 1258 3414 Deum
1282 3359 1413 3413 velit
1442 3358 1678 3427 alligari.

296 3454 424 3509 1⁸75.
452 3450 508 3508 Si
536 3460 716 3508 tamen
760 3451 960 3506 Bailius
980 3459 1075 3506 aut
1098 3450 1298 3521 aliquis
1331 3466 1429 3519 pro
1453 3465 1522 3505 eo
1562 3460 1822 3520 opponat,

221 3550 466 3619 pomisse
515 3548 683 3603 Deum
724 3546 944 3602 efﬁcere
990 3554 1050 3600 ut
1102 3545 1267 3601 homo
1309 3554 1365 3599 et
1404 3545 1543 3600 bene
1571 3555 1627 3600 et
1656 3544 1826 3603 libere

218 3654 440 3711 semper
481 3644 708 3707 ageret,
745 3640 976 3707 primum
1006 3651 1139 3693 cum
1181 3637 1239 3694 S.
1288 3640 1595 3707 Augudino
1619 3640 1823 3704 dicam,

219 3732 423 3786 melius
442 3713 737 3799 ~judicasse
773 3729 941 3783 Deum
972 3728 1041 3784 de
1068 3730 1227 3783 malis
1270 3729 1408 3785 bene
1434 3731 1636 3795 facere,
1658 3746 1827 3801 quam

220 3821 365 3877 mala
380 3820 523 3874 nulla
540 3834 663 3875 esse
677 3820 988 3885 permittere
1008 3834 1024 3885 ;
1045 3828 1158 3873 tum
1179 3834 1286 3873 non
1304 3828 1387 3873 est
1399 3820 1568 3876 modo
1577 3835 1829 3889 quaren-

218 3912 350 3967 dum
380 3909 509 3979 quid
536 3910 678 3965 Deus
707 3910 943 3980 potuerit
970 3909 1151 3965 facere
1178 3950 1192 3971 ,
1224 3911 1318 3966 sed
1348 3926 1414 3963 an
1448 3910 1500 3965 id
1524 3910 1670 3980 quod
1701 3911 1829 3968 iecit

218 4018 348 4059 cum
377 4003 496 4070 ejus
533 4003 779 4057 bonitate
809 4002 1103 4057 cohaereat.
1129 4001 1361 4056 Dubium
1392 4013 1574 4057 autem
1606 4019 1714 4058 non
1742 4012 1828 4061 est

219 4096 353 4164 quin
384 4094 528 4148 Deus
569 4095 744 4149 bonus
772 4094 845 4148 sit
889 4094 1214 4163 iudicandus
1242 4142 1254 4159 ,
1286 4096 1500 4150 etiamsi
1544 4096 1825 4153 hominem

218 4200 450 4255 peccare
474 4187 767 4251 permittat.
807 4186 1090 4241 Postremo
1112 4186 1371 4256 quidquid
1408 4187 1499 4251 sit,
1543 4204 1611 4241 an
1643 4190 1823 4257 aliqua

218 4277 518 4346 excogitari
557 4277 730 4346 possit
759 4276 1104 4334 Providentia
1131 4318 1147 4341 ,
1182 4278 1233 4331 in
1263 4294 1365 4347 qua
1396 4293 1615 4347 semper
1634 4294 1826 4335 omnes

217 4370 471 4426 homines
511 4371 648 4423 hens
685 4378 966 4427 uterentur
992 4366 1278 4437 libertate,
1311 4370 1446 4423 ordo
1499 4384 1693 4425 rerum.
1724 4371 1815 4441 qui

217 4477 368 4518 nunc
396 4472 514 4529 est,
549 4460 683 4526 fert,
718 4469 777 4515 ut
806 4458 971 4515 homo
1012 4460 1280 4515 interdum
1316 4472 1524 4529 peccet.
1558 4459 1660 4515 nisi
1684 4460 1825 4515 Dens

218 4568 438 4610 cursum
486 4551 789 4606 naturalem
833 4565 1115 4605 causarum
1147 4551 1443 4619 impediat,
1473 4549 1616 4619 quod
1662 4566 1825 4621 agere

1636 400 2175 459 PBOLEGOMENA.

1860 519 1913 578 Α
1940 516 2011 570 sit
2039 514 2546 584 praedestinatorum
2570 530 2729 586 quam
2762 516 3113 587 rcproborum
3142 533 3425 579 numerus.
3448 527 3536 580 In.

3434 411 3536 469 703

1938 618 2018 662 ter
2045 607 2269 677 angelos
2301 608 2345 661 si
2372 606 2463 662 llat
2488 609 2825 677 comparatio
2850 649 2866 676 ,
2921 608 3108 680 plures
3139 609 3304 663 fuisse
3336 607 3547 677 prnde-

1933 699 2167 753 stinatos
2194 698 2551 768 probabiliter
2573 700 2856 754 asseritur.
2880 701 2939 756 Si
2972 703 3200 769 quaestio
3232 701 3548 757 instituatur

1934 789 2003 845 de
2043 790 2299 845 omnibus
2343 790 2567 844 omnino
2613 789 2927 845 hominibus
2954 793 3045 861 qui
3100 791 3318 846 luerunt
3344 793 3546 861 quique

1934 880 2096 941 futuri
2151 890 2300 948 sunt,
2357 881 2618 953 majorem
2664 896 2787 935 esse
2835 896 3121 939 numerum
3183 882 3545 951 reproborum

1932 972 2275 1028 communior
2317 980 2373 1027 et
2401 973 2579 1026 verior
2602 982 2687 1026 est
2718 973 3014 1027 sententia.
3047 972 3361 1027 Tenendum
3393 973 3545 1042 pari-

1934 1071 2018 1117 ter
2039 1070 2154 1126 cst,
2179 1078 2244 1116 ex
2273 1062 2623 1129 Christianis,
2650 1063 3064 1132 comprehensis
3096 1064 3387 1129 htcreticis,
3420 1065 3544 1134 plu-

1932 1168 2021 1208 res
2049 1154 2291 1208 damnari
2309 1169 2469 1224 quam
2491 1155 2713 1209 salvari.
2743 1155 2825 1210 Ex
2849 1155 2931 1210 his
2960 1158 3052 1225 qui
3078 1156 3216 1211 intra
3242 1158 3540 1213 Ecclesium

1931 1244 2252 1300 catholicam
2270 1245 2562 1312 decedunt,
2592 1246 2776 1315 plures
2799 1262 2920 1302 esse
2938 1249 3351 1315 prtedcstinatos
3380 1267 3540 1318 quun

1931 1335 2193 1404 reprobos
2244 1336 2479 1407 theoIOgi
2541 1337 2687 1392 ducti
2749 1339 2936 1407 piique
2975 1340 3295 1394 exisnmint
3342 1344 3541 1409 qubus

1931 1444 2235 1500 repugnare
2287 1445 2393 1484 non
2449 1432 2647 1485 audeo.
2695 1432 2882 1487 Exstat
2933 1433 3003 1487 cl.
3062 1436 3207 1489 Petri
3269 1435 3445 1491 Franc
3468 1440 3543 1490 sci

1932 1520 2177 1591 Fogginii
2200 1536 2336 1591 opus
2368 1522 2685 1591 inscriptum
2724 1543 2735 1577 :
2782 1523 3006 1579 Patrum
3045 1526 3296 1581 Erclesiaa
3323 1528 3388 1583 de
3414 1547 3543 1600 pan-

1931 1615 2080 1667 ct'tate
2119 1614 2419 1667 adultarum
2450 1615 2686 1684 ﬁdelium
2711 1621 3077 1673 salvandorum
3095 1662 3111 1686 ,
3138 1622 3183 1676 si
3210 1639 3328 1675 cum
3350 1640 3544 1692 repro-

1932 1705 2114 1760 bandia
2146 1707 2383 1774 ﬁdelibus
2411 1712 2777 1778 conferantur,
2805 1712 2938 1765 mira
2961 1716 3229 1768 consensio
3270 1728 3469 1770 asserta
3497 1728 3543 1771 et

1930 1794 2307 1851 demonstrata.
2356 1798 2567 1865 Romte,
2601 1800 2761 1855 1752.
2796 1802 3083 1858 Debuisset
3120 1806 3415 1875 Fogginius
3454 1808 3543 1861 di—

1856 1888 1905 1947 B
1935 1888 2213 1957 Stingnere
2260 1890 2373 1945 loca
2429 1892 2648 1947 Patrum
2701 1895 2754 1948 in
2788 1896 2980 1964 quibus
3027 1897 3321 1952 Christiani
3353 1915 3543 1955 omnes

1933 1980 2138 2046 adulti,
2169 1982 2334 2036 etiam
2388 1984 2631 2041 hmretici
2662 2028 2679 2053 ,
2709 1990 3247 2056 comprehenduntur
3267 2033 3282 2058 ,
3322 1994 3389 2046 ab
3423 1995 3544 2051 aliis

1932 2075 2345 2131 auctoritatibus
2361 2093 2482 2146 qua:
2503 2079 2570 2132 ad
2600 2081 2748 2135 solos
2770 2082 3071 2137 catholicos
3095 2085 3399 2151 pertinent;
3431 2096 3543 2139 tum

1933 2161 2046 2216 alia
2072 2165 2378 2220 testimonia
2414 2168 2569 2239 151
2597 2169 2818 2224 Patrum
2841 2187 2961 2240 qum
2984 2176 3278 2229 contraria:
3300 2176 3544 2242 opinioni

1931 2253 2115 2312 favere
2142 2257 2429 2324 videntur,
2475 2261 2787 2317 exscribere
2813 2272 2868 2317 et
2896 2265 3177 2333 explicare
3204 2284 3215 2319 :
3253 2280 3361 2320 non
3394 2268 3539 2322 enim

1930 2346 2092 2401 aliter
2116 2357 2290 2403 tutum
2316 2350 2578 2418 judicium
2614 2351 2744 2407 ferri
2788 2364 2967 2422 potest
3020 2373 3118 2423 pro
3167 2360 3302 2411 mira
3336 2357 3423 2411 illa
3456 2374 3543 2414 as-

1930 2443 2074 2491 serta
2124 2440 2506 2496 consensione.
2560 2444 2637 2498 De
2692 2445 3048 2501 distinctione
3107 2448 3250 2504 inter
3296 2467 3398 2504 non
3430 2453 3542 2521 pias

1932 2531 2195 2601 etimpioa
2231 2533 2407 2588 dicam
2441 2551 2563 2605 cap.
2594 2552 2736 2608 scq.,
2770 2548 2826 2594 et
2872 2541 3119 2596 nonnihil
3152 2542 3205 2595 in
3248 2556 3541 2599 comment.

2534 2669 2765 2727 CAPUT
2806 2671 2970 2729 XV".

1935 2774 2116 2830 Oratio
2141 2777 2197 2831 in
2225 2779 2331 2847 ﬁne
2372 2779 2785 2855 Hamartigent'ae
2822 2786 3102 2855 exponitur
3143 2798 3190 2841 et
3227 2789 3537 2859 defenditur.

2004 2889 2131 2945 176.
2187 2890 2480 2960 Postquam
2544 2894 2870 2950 Prudentius
2920 2899 2974 2952 in
3026 2899 3431 2970 ilamartigcnia
3477 2905 3543 2957 de

1930 2978 2143 3049 piorum
2192 2986 2433 3052 praemiis
2475 2985 2881 3059 impiorumque
2919 2991 3200 3059 suppliciis
3231 2992 3338 3046 latc
3368 2994 3543 3049 disse-
3610 2970 3622 2989 ’

1931 3080 2144 3137 ruerat,
2170 3076 2471 3131 orationem
2498 3078 2565 3132 ad
2600 3078 2770 3133 Deum
2812 3082 3084 3136 convertit
3115 3097 3261 3138 vers.
3292 3084 3418 3151 951,
3452 3086 3546 3140 ubi

1930 3158 1986 3213 bi
2015 3163 2287 3231 prazcipue
2315 3180 2507 3222 versus
2534 3169 2697 3239 vulgo
2720 3170 2773 3225 in
2797 3186 3027 3227 examen
3059 3186 3388 3229 revocantur
3419 3194 3432 3227 :

2618 3281 2726 3331 Non
2752 3297 2899 3344 posco
2922 3285 3067 3335 beata

1992 3335 2048 3384 lu
2074 3340 2283 3395 regione
2313 3339 2574 3392 domum...

1993 3396 2059 3446 At
2081 3401 2199 3447 mihi
2225 3400 2449 3450 Tartarei
2474 3406 2596 3452 satis
2615 3414 2693 3455 est
2710 3406 2751 3453 si
2779 3407 2911 3455 nulla
2936 3409 3144 3456 ministri

1993 3459 2427 3529 Qccnrratfacies,
2451 3465 2608 3529 aridas
2629 3478 2724 3515 nec
2747 3468 2934 3517 ﬂamma
2956 3470 3205 3529 gebennm

1993 3517 2218 3591 gereret
2241 3524 2367 3571 hanc
2385 3517 2594 3591 animam
2621 3540 2831 3591 mersam
2858 3517 3139 3579 fornacibus
3170 3517 3300 3581 imis.

1993 3581 2113 3649 [sisto
2135 3596 2430 3649 cavernoso,
2455 3588 2571 3647 quia
2589 3590 2659 3637 sic
2686 3602 2773 3649 pro
2793 3590 2905 3639 labe
2931 3605 3143 3642 necesse
3163 3602 3244 3643 est

1993 3642 2441 3718 Eor‘poreaktijstis
2463 3642 2543 3718 me
2562 3642 2764 3718 sorbeat
2786 3652 2917 3713 ignis
2940 3654 3162 3718 Averno,

1994 3704 2182 3775 _S_ai_tem
2206 3706 2434 3758 mitiﬁcos
2468 3704 2849 3775 incendialenia
2872 3726 3078 3775 vapores

1994 3766 2263 3837 Exhalent,
2289 3776 2515 3837 astuque
2542 3771 2675 3821 calor
2700 3766 2970 3836 languente
2996 3784 3235 3837 tepescat.

1996 3827 2371 3901 Eux‘i‘mmenss
2394 3831 2535 3894 alios,
2560 3827 2859 3901 et_temp6_ra
2886 3827 3265 3901 vincta'coronis

1995 3890 2299 3952 Gloriiicent,
2324 3905 2408 3942 me
2431 3890 2574 3956 pruna
2612 3890 3046 3949 levis'clementer
3068 3900 3260 3951 adurat.

1931 3998 2185 4071 Plerique
2226 3999 2478 4056 catholici
2522 4006 2576 4055 in
2625 4002 2731 4057 hac
2759 4004 3009 4060 oratione
3038 4006 3361 4076 exagitanda
3390 4022 3540 4064 acer-

1931 4090 2115 4146 biores
2141 4100 2451 4162 suntquam
2473 4092 2715 4148 nonnulli
2746 4093 3069 4151 hetcrodoxi
3096 4112 3112 4151 :
3139 4111 3265 4151 nam
3295 4096 3349 4150 hi
3371 4113 3541 4167 agno-

1929 4192 2087 4239 scunt
2118 4183 2297 4253 ignem
2350 4186 2729 4257 purgatorium
2754 4187 3102 4254 ea'del'endi;
3130 4206 3290 4260 quam
3325 4202 3543 4246 senten-

1933 4277 2061 4331 tiam
2084 4278 2189 4333 etsi
2207 4277 2402 4335 falsam
2426 4282 2528 4349 ipsi
2559 4289 2771 4350 putent,
2796 4293 2976 4338 tamen
3010 4281 3544 4355 fatentur‘quorum-

1930 4367 2055 4425 dam
2084 4378 2327 4443 veterum
2358 4370 2527 4426 fuisse
2554 4413 2569 4434 ,
2602 4384 2658 4427 et
2697 4389 2841 4429 nunc
2870 4374 2940 4428 ab
2968 4376 3223 4432 universa
3266 4379 3448 4432 cathol
3472 4394 3535 4434 ea

1936 4460 2176 4516 Ecclesia
2201 4463 2395 4518 teneri.
2420 4463 2496 4518 De
2523 4464 3068 4536 Magdeburgensibns
3090 4468 3199 4522 dixi
3232 4482 3383 4523 num.
3411 4471 3539 4528 128.

1935 4550 2056 4607 Nic.
2099 4554 2366 4608 Antonius
2416 4556 2470 4609 in
2519 4556 2657 4609 Bibl.
2724 4557 2873 4627 ilisp.
2907 4568 3013 4613 vet.
3064 4558 3223 4614 docet
3280 4560 3537 4615 disertam

220 4658 331 4698 non
354 4641 537 4696 debet.
561 4640 745 4709 Neque
770 4640 914 4695 enim
945 4642 1259 4708 contingere
1289 4649 1487 4708 potest,
1519 4649 1578 4694 ut
1605 4640 1823 4695 libertas
1852 4628 1903 4688 Ῑ)
1932 4645 2069 4712 ignis
2098 4645 2323 4701 alterius
2367 4646 2437 4702 ab
2482 4647 2606 4717 igne
2648 4649 2861 4704 inferno
2910 4650 3152 4706 distincti
3208 4655 3539 4707 mentionem

224 4746 305 4793 tot
334 4736 621 4792 contrariis
648 4736 965 4805 impulsibus
984 4745 1253 4789 commota
1276 4745 1594 4790 constanter
1625 4736 1822 4789 bonum

223 4836 607 4896 prosequatur.
651 4827 730 4879 An
774 4836 950 4880 autem
984 4825 1304 4879 Prudentius
1356 4826 1648 4879 crediderit
1698 4827 1820 4880 exi-

223 4933 388 4987 guum
436 4930 557 4971 esse
602 4916 977 4972 damnatorum
1031 4930 1340 4979 numerum,
1392 4916 1519 4969 nihil
1565 4916 1629 4969 ad
1690 4917 1828 4971 hanc

222 5007 607 5077 qutrstionem.
658 5008 865 5061 Bertius
881 5017 968 5062 set
996 5022 1118 5060 cum
1164 5021 1229 5061 eo
1256 5007 1472 5071 lliscus,
1501 5007 1649 5076 ilisp.
1682 5022 1822 5062 sacr.

223 5108 360 5153 tom.
407 5097 602 5163 XXXI,
630 5098 1051 5165 interpretantur
1078 5096 1426 5151 Ptudcntium
1454 5114 1559 5151 non
1592 5098 1829 5153 tenuisse

222 5192 551 5246 sententiain
586 5191 938 5257 quorumdam
976 5191 1346 5257 theologorum
1391 5190 1458 5243 de
1487 5190 1678 5259 majori
1726 5208 1828 5244 nu-

226 5297 378 5337 tnerti
413 5282 915 5350 prmdestinatorum
940 5324 954 5345 ,
1009 5283 1102 5337 sed
1133 5285 1307 5336 solum
1345 5300 1591 5340 asserere
1628 5299 1827 5351 paucos

225 5392 291 5431 ex
344 5378 529 5441 impiis
571 5379 745 5444 perire
794 5388 1103 5441 comparate
1151 5378 1216 5429 ad
1258 5392 1354 5430 cos
1398 5378 1487 5445 qui
1536 5380 1824 5432 damnandi

224 5478 409 5521 essent
429 5508 442 5529 ,
472 5467 573 5519 nisi
616 5468 759 5521 Dens
791 5469 872 5521 eis
899 5482 991 5519 sua
1018 5468 1183 5535 gratia
1213 5476 1265 5521 et
1293 5468 1623 5537 benignitate
1653 5469 1826 5535 cpitu-

227 5560 454 5613 larctur.
490 5559 543 5611 ld
574 5559 783 5612 videtur
818 5560 995 5629 colligi
1028 5578 1090 5613 ex
1127 5562 1369 5615 versibus
1412 5579 1561 5615 num.
1601 5563 1702 5616 174
1747 5578 1830 5616 re-

228 5652 371 5717 iatis,
392 5652 490 5705 nisi
523 5650 623 5705 sibi
649 5652 745 5719 ipsi
772 5654 928 5720 plane
949 5654 1247 5707 contrarius
1272 5653 1498 5719 dicatur,
1525 5654 1662 5723 quod
1698 5670 1825 5707 non-

231 5746 361 5798 nulli
418 5746 471 5799 in
525 5746 813 5800 l’rudentio
864 5747 1090 5815 aliisque
1145 5745 1319 5813 poetis
1372 5745 1664 5801 absurdum
1709 5762 1831 5801 esse

230 5836 371 5893 male
422 5846 639 5907 negant.
692 5836 945 5907 'l‘heologi
978 5837 1078 5893 hoc
1112 5836 1227 5892 inse
1258 5836 1549 5905 disputant,
1585 5826 1829 5905 majorne

1932 4736 2043 4790 ﬁeri
2078 4737 2131 4790 in
2172 4737 2289 4792 .iinc
2342 4735 2779 4809 llamartigcnitc,
2825 4744 2971 4811 quod
2999 4742 3191 4799 int'me
3244 4746 3542 4813 purgatorii

1931 4828 2071 4897 ignis
2095 4842 2283 4883 osores
2305 4837 2521 4900 torquet
2546 4832 2857 4899 hmreticos,
2897 4835 3199 4905 allegatquc
3215 4835 3541 4893 Osiandru'm

1934 4920 2173 4987 Epitom.
2221 4921 2352 4977 hist.
2404 4926 2600 4986 eccles.
2630 4964 2647 4987 ,
2680 4942 2757 4981 ce.
2786 4935 2823 4979 t.
2872 4926 2939 4991 ι,
2978 4928 3071 4981 lib.
3107 4943 3158 4991 ι,
3202 4944 3322 4997 cap.
3351 4930 3445 4984 26.
3476 4931 3542 4984 Ε·

1933 5011 2206 5066 Osiander
2246 5014 2464 5081 quidem
2503 5030 2567 5068 eo
2611 5017 2663 5068 in
2698 5017 2875 5085 capite
2922 5019 3274 5073 Prudentium
3325 5020 3544 5074 laudat.

1937 5104 2031 5157 sed
2064 5105 2204 5171 apud
2237 5105 2528 5159 Weilzium
2559 5107 2694 5161 nihil
2734 5111 2801 5162 dc
2840 5110 2963 5178 igne
3004 5112 3315 5181 purgatorio
3367 5112 3541 5181 loqu.-

1938 5204 2045 5256 tur.
2076 5198 2327 5258 quamvis
2356 5198 2426 5250 illi
2465 5216 2648 5253 nawos
2679 5200 2887 5268 aliquos
2907 5202 3147 5270 objiciat.

2014 5287 2138 5341 177.
2197 5288 2253 5341 In
2286 5291 2524 5349 editione
2577 5292 2770 5345 Veneta
2825 5294 2961 5349 ΒΜ.
3010 5304 3116 5348 vet.
3159 5295 3275 5349 Lat.
3314 5298 3545 5353 Fabrici.

1937 5391 2080 5429 anno
2111 5378 2244 5431 l728
2268 5422 2283 5444 ,
2337 5381 2436 5434 lih.
2472 5398 2554 5445 iv,
2587 5399 2706 5451 cap.
2740 5384 2795 5447 :2,
2828 5386 2879 5438 in
2913 5388 3143 5454 quadam
3172 5398 3295 5440 nota
3328 5390 3465 5455 lrgo,
3494 5390 3543 5442 in

1940 5467 2046 5521 line
2075 5470 2488 5540 llnmartigcnim
2525 5476 2713 5540 subjici
2750 5492 2940 5539 preces
2968 5522 2980 5543 ,
3010 5479 3191 5542 quibus
3246 5492 3425 5534 auctor
3473 5484 3544 5531 ait

1939 5564 2163 5629 sufficere
2186 5564 2302 5627 sibi,
2336 5568 2379 5617 si
2412 5567 2561 5617 modo
2584 5568 2635 5618 in
2660 5567 2880 5621 Tartara
2905 5586 3005 5621 non
3024 5571 3352 5637 detrudutnr,
3391 5574 3546 5641 152

1940 5655 2055 5706 Μαι(
2080 5672 2238 5722 ptume
2266 5655 2468 5710 Ιιιινηιιευ
2500 5659 2597 5710 sint
2630 5660 2679 5711 in
2728 5664 3046 5729 purgatorio.
3085 5663 3283 5715 llailins
3317 5664 3417 5715 alia
3464 5667 3543 5715 via

1941 5747 2291 5799 Pimlentinm
2330 5750 2461 5799 ttit‘ri
2493 5768 2533 5797 (κέ
2566 5753 3000 5806 ηιηιιιι·;›(1νρτ5ιιε
3030 5754 3390 5819 Perkinsium,
3420 5758 3544 5825 quia

1943 5841 2194 5893 llilltll'-llll
2225 5844 2394 5908 [nilnil
2426 5842 2525 5893 i'rn
2553 5843 2750 5897 lentius
2783 5857 2841 5897 se
2874 5844 3169 5900 beatitudir.
3200 5870 3203 5875 -
3238 5848 3541 5917 indignum,
